2834 4996
174 462 256 542 xcviii
461 458 522 518 DE
550 456 703 519 tusto
732 454 954 518 TlBULLO

234 597 427 658 rmacrseos
448 608 589 666 aroorus,
608 594 674 657 Sita.
692 591 788 653 Cam
803 610 863 666 xv,
880 614 917 652 es
929 614 1051 673 persona
1066 593 1182 654 Torta

338 725 373 778 Ut
388 723 485 787 Ciduur
497 724 579 779 nullus
592 724 690 789 sordes,
704 723 870 777 nitidissimus
881 724 965 777 amuis

370 815 474 883 ,Vols-it,
490 828 514 868 et
528 836 542 867 a
556 816 617 870 limo
631 836 707 890 purus
720 815 814 888 ubique
827 815 901 869 duit:

339 907 383 960 Sir
393 928 464 975 mea,
474 910 607 961 Romanas
620 909 686 960 inter
697 909 833 961 castissima
843 908 947 970 muru,

370 997 491 1066 Undique
503 998 588 1049 nativo
598 997 664 1048 culta
679 998 769 1049 decore
781 993 851 1047 uitet.

337 1087 406 1159 Ergo
417 1085 474 1140 aliu
485 1086 599 1159 placeant
607 1100 697 1138 ornatu
709 1099 777 1135 trans
792 1105 860 1137 mare
872 1097 955 1137 sumto
968 1102 976 1135 τ

368 1178 461 1227 Nostra
472 1198 531 1240 suo,
546 1191 570 1227 et
581 1177 661 1248 patrio
674 1177 696 1228 ri
709 1161 868 1249 placetum,
882 1189 919 1228 rat
936 1189 980 1230 est.

258 1323 409 1383 Aaouaas
427 1319 613 1394 Scuorros,
631 1319 740 1380 Nodor.
753 1319 880 1380 Cicemn.
894 1319 959 1378 lib.
972 1321 1010 1393 1,
1028 1339 1091 1401 cap.
1104 1335 1164 1380 vn.

215 1448 346 1509 Tibullus
359 1459 453 1508 autem
469 1446 582 1528 elegans
600 1446 693 1506 Latini
706 1446 847 1508 sermonis
862 1458 956 1525 poeta,

507 1594 607 1668 Idem,
620 1594 746 1669 ibidem,
765 1617 828 1677 cap
845 1612 917 1656 vt11.

215 1728 271 1788 Est
294 1750 382 1809 purus
405 1739 434 1787 et
453 1726 587 1809 elegans,
613 1725 763 1808 bonusque
786 1726 945 1788 Latinitatis
965 1739 1066 1789 auctor
1087 1727 1244 1803 Tibullus,

175 1835 271 1915 Eques
289 1845 319 1895 et
340 1833 401 1911 ipse
415 1833 581 1905 Romanus,
599 1854 655 1916 qua
672 1846 859 1910 tempestate,
876 1847 909 1894 ut
928 1834 1087 1916 hodieque,
1102 1834 1245 1898 nobilium

173 1961 257 2021 quam
271 1938 446 2017 plebeiorum
462 1939 566 2000 cultior
580 1961 612 1998 ae
626 1939 745 2017 politior
760 1962 854 2001 sermo
866 1939 930 2000 [uit.

338 2096 441 2170 Idem,
465 2096 609 2156 Obserrut.
627 2096 754 2156 Haemon.
769 2096 836 2155 tib.
849 2097 900 2170 II,
918 2118 981 2178 cop.
998 2111 1069 2158 xttt.

214 2228 310 2291 Scitus
325 2242 354 2288 et
370 2230 482 2313 elegans
499 2241 562 2290 tum
578 2229 608 2288 iu
626 2228 740 2301 verbis,
757 2242 820 2290 tum
835 2231 866 2289 iu
882 2231 1006 2290 numeris
1021 2229 1174 2292 Tibullus:
1192 2231 1244 2291 sed

173 2335 223 2419 qui
237 2358 252 2397 e
265 2335 377 2397 Graecis
392 2334 519 2396 sontibus
534 2334 666 2417 pleraque
681 2336 858 2412 expresserit.

341 2492 432 2553 Case-
448 2493 634 2563 BattTttttJS,
650 2492 716 2551 tit.
731 2495 797 2566 IV,
816 2492 934 2553 Adoers.
949 2513 1012 2572 cop.
1028 2507 1073 2552 xl.

213 2626 254 2685 Et
266 2625 328 2707 quis
340 2622 441 2685 melior
453 2623 563 2685 Tibulli
578 2624 740 2701 expositor,
756 2647 838 2706 quam
848 2624 1003 2686 Tibullus?
1016 2625 1065 2707 qui
1074 2637 1120 2686 tot
1131 2626 1244 2688 saeeutir

173 2754 270 2813 parem
286 2755 346 2793 nou
368 2731 484 2803 babuit,
506 2753 537 2792 ac
559 2752 595 2791 ne
611 2730 781 2793 imitatorem
799 2731 936 2812 quidem,
958 2753 1042 2812 quem
1064 2752 1130 2794 saue
1146 2746 1245 2795 nostra

173 2839 275 2901 saeeula
291 2839 407 2924 legant?
423 2842 462 2899 Et
477 2838 631 2920 saepissime
645 2838 762 2899 miratus
776 2862 839 2898 sum
854 2839 910 2899 boe
924 2836 1012 2900 latum
1024 2841 1162 2902 Romanae
1179 2843 1244 2902 Ec-

172 2944 282 3017 ctesiae3
299 2958 329 3004 et
342 2946 470 3007 floruisse
483 2958 511 3005 et
526 2945 691 3006 defloruisse
706 2967 761 3005 una
776 2956 858 3005 aetate
873 2944 1047 3005 Amatoriam
1065 2948 1126 3029 ejus
1136 2949 1243 3008 Vene-

173 3070 252 3124 rem,
269 3061 404 3132 quantum
424 3051 538 3132 quidem
556 3050 592 3111 ad
608 3073 662 3111 nos
681 3051 805 3128 pertinet
824 3073 831 3110 :
852 3072 915 3111 nam
933 3051 1068 3112 Martialis
1082 3065 1111 3112 et
1129 3052 1242 3134 Papinii

173 3166 275 3229 aetate,
296 3156 375 3240 quod
398 3177 432 3215 ex
448 3156 516 3233 ipsis
538 3168 567 3217 et
583 3156 679 3217 Plinio
697 3158 780 3217 etiam
801 3159 914 3239 juniore
940 3170 1070 3233 constat,
1093 3158 1157 3220 talia
1178 3181 1240 3221 uon

171 3262 255 3343 pauci
271 3261 454 3343 scripserunt.
466 3264 574 3323 Verum
588 3285 653 3325 com
663 3263 731 3346 ipsis
742 3265 801 3325 iere
816 3265 978 3325 nominibus
989 3278 1019 3324 et
1034 3266 1065 3324 bi
1074 3277 1103 3325 et
1113 3287 1240 3348 sequeu-

172 3368 210 3431 tis
223 3368 278 3431 aevi
293 3369 473 3431 interierunt.

247 3530 418 3589 Vrrcsrzo
436 3527 605 3604 Gnavtrttt,
624 3531 670 3588 nel
683 3528 821 3590 Discorso
837 3533 908 3591 delle
923 3531 1024 3591 Fooole
1039 3532 1163 3591 antiche.
1237 3500 1241 3507 Ι

214 3660 331 3723 Tibullo
345 3665 361 3722 ὲ
377 3661 462 3740 pieuo
479 3661 507 3721 di
522 3661 648 3735 soarit'a,
664 3661 692 3720 di
709 3661 811 3747 grazia,
827 3661 856 3721 di
873 3675 1029 3736 teuereaaa,
1045 3663 1073 3722 di
1091 3663 1241 3744 passione,

175 3770 204 3831 di
223 3769 337 3851 purita,
356 3792 372 3832 e
388 3767 415 3829 d’
430 3772 573 3853 eleganra,
592 3782 672 3831 tauto
696 3770 744 3830 nel
764 3792 885 3832 numero
902 3783 1010 3859 quanto
1032 3771 1106 3833 nelle
1122 3770 1239 3852 parole,

175 3877 381 3960 mararigliora,
395 3899 411 3939 e
426 3877 554 3960 perfetta.
660 3924 663 3929 .

451 4009 770 4083 ParrusLorrcmus
791 4010 971 4070 securioris

331 4139 400 4190 Talis
412 4138 441 4189 in
453 4136 587 4189 Aonidum
598 4135 692 4207 patria,
707 4136 825 4207 silvisque
835 4137 914 4189 beatis

361 4228 466 4281 Perfluit
476 4240 584 4284 eternus
597 4238 682 4280 saneta
691 4227 772 4281 vireta
784 4227 875 4299 liquor.
