2834 4996
173 490 222 573 ιη’,
564 486 624 547 nn
654 484 857 545 11111111

49 637 52 641 ’
173 623 289 703 portio,
306 619 364 682 vid.
381 622 496 683 Santen·
511 616 590 698 prael.
607 619 641 679 ad
655 619 787 697 Propert.
803 643 831 696 p.
850 614 903 690 13,
920 614 970 697 qui
985 635 1052 676 sone
1066 636 1126 676 non
1147 615 1240 698 1487,

172 723 223 784 aed
243 717 340 796 1488,
358 718 465 797 prodiit
480 717 598 779 Tibullo
614 729 707 777 tamen
724 729 754 778 et
767 716 881 777 Catullo
898 736 993 776 comes
1013 735 1097 776 :non
1113 715 1243 777 animad-

172 822 274 895 vertit,
289 818 455 886 Santoninm
468 815 507 877 ibi
523 837 608 899 egere
622 817 657 877 de
666 815 810 893 Propertii
823 815 951 877 editione
961 815 1023 877 sine
1037 816 1242 877 commentario

171 924 297 1003 locoque
315 932 344 981 et
359 942 436 981 anno
455 918 658 1001 impressionis.
677 919 808 997 Nempe,
827 915 906 997 quod
922 916 1021 976 scribit
1039 915 1194 976 Santenius
1210 916 1241 977 in

174 1018 365 1082 Collectaneis
381 1039 388 1076 :
407 1016 533 1077 «babuit
549 1016 728 1075 Burmannus
741 1014 898 1092 exemplar,
915 1013 946 1073 in
963 1035 1021 1095 quo
1036 1012 1162 1096 colligati
1175 1026 1243 1074 sunt

174 1119 303 1180 Catullus
313 1115 416 1179 Bririre
424 1138 474 1197 per
485 1113 632 1174 Boninum
650 1109 738 1189 1486,
749 1113 875 1174 Tibullus
886 1135 951 1175 cum
957 1124 1110 1175 comment.
1118 1110 1244 1195 Cyllenii

173 1237 224 1298 per
234 1215 326 1276 Andr.
335 1211 575 1275 dePaltbasciebis
584 1213 691 1273 Venet.
705 1206 1242 1295 1487.Signaturaedesinnntin-l-‚

172 1329 237 1378 tum
247 1316 396 1397 subjicitur
407 1315 568 1395 Propertius
583 1313 728 1395 signatura
739 1312 775 1386 t,
791 1311 853 1371 sine
868 1324 1040 1384 comment,
1059 1310 1120 1370 sine
1135 1309 1201 1371 loco
1215 1320 1244 1368 et

173 1438 251 1477 anno
267 1413 471 1496 impressionis·
488 1413 571 1472 Hanc
588 1410 744 1473 editionem
755 1411 922 1488 Propertii,
938 1411 1045 1480 oredo,
1064 1409 1245 1469 Burmannus

173 1515 399 1575 vocatVenetam
413 1508 498 1593 1487.
511 1509 719 1572 EstVieentina
732 1506 817 1585 1481.
829 1537 842 1577 »1,
849 1511 949 1571 Recte.
958 1506 1179 1571 EstVicentina.
1187 1505 1245 1569 Sed

174 1615 288 1696 quando
309 1615 490 1675 Burmannus
511 1611 604 1672 laudat
620 1612 759 1673 Venetam
773 1612 931 1689 (Beroaldi
943 1617 971 1687 )‚
988 1633 1053 1671 ann.
1072 1606 1162 1692 1487,
1180 1600 1244 1690 qum

174 1736 329 1796 numquam
345 1711 467 1790 exstitit,
482 1711 608 1795 intellige
622 1711 783 1773 Venetama
795 1712 881 1796 1491.
891 1715 983 1774 Error
991 1726 1071 1774 ortus
1089 1725 1132 1773 est
1145 1731 1161 1771 e
1175 1711 1244 1771 sub-

174 1812 351 1889 scriptione,
368 1812 403 1874 de
419 1836 473 1894 qua
488 1810 645 1873 videbimus
662 1812 743 1872 inira.
760 1808 867 1875 Habuit
886 1811 1051 1875 Huscbkius
1069 1811 1098 1871 in
1116 1807 1243 1871 manibus

174 1909 245 1969 illud
262 1912 419 1971 Burmanni
435 1911 594 1989 exemplar,
612 1922 641 1970 et
656 1911 832 1973 confidenter
843 1909 1057 1993 pronuntiavit,
1070 1929 1170 1969 omnes
1184 1906 1244 1969 lec-

174 2010 286 2081 tiones,
298 2010 393 2073 citatas
408 2012 442 2072 ab
451 2012 502 2073 illo
511 2014 642 2073 eVeneta
654 2011 742 2094 1487,
754 2013 872 2095 reperiri
881 2013 976 2073 nonin
987 1998 1147 2081 licentius,
1160 2031 1243 2090 quam

175 2108 240 2170 satis
258 2110 434 2195 negligenter
449 2112 620 2193 comparavit
629 2114 828 2183 Burmannus,
847 2109 940 2170 sedin
954 2111 1062 2168 Veneta
1079 2109 1166 2193 1491.

217 2233 326 2294 Tibulli
343 2238 451 2296 Veneta
465 2259 509 2296 nn.
530 2236 605 2317 1487
622 2237 704 2296 dueta
720 2247 764 2296 est
778 2257 794 2296 e
807 2238 935 2296 Romana
951 2257 998 2297 an.
1018 2234 1118 2318 1475,
1139 2244 1243 2295 mutata

176 2344 269 2397 tamen
282 2333 402 2395 subinde
416 2357 471 2397 una
485 2336 612 2397 etaltera
626 2335 759 2397 lectione.

344 2598 421 2668 ΧΠ.
440 2595 549 2668 Editio
568 2595 611 2667 V
604 2612 704 2681 encta,
725 2624 781 2669 an.
795 2597 914 2696 1491,
932 2596 1078 2672 in-solio.

221 2814 383 2874 Ttuvttus
397 2813 526 2874 Catullus
543 2824 572 2874 ct
584 2812 751 2891 Propertius
767 2823 803 2875 cir
818 2826 993 2875 commento.

220 2961 288 3020 Hoc
303 2961 403 3022 ordine
418 2962 448 3021 in
466 2963 516 3022 hac
527 2974 556 3021 et
569 2962 696 3039 proxima
709 2961 836 3022 editione
851 2975 945 3039 poetae
961 2974 1019 3022 tres
1037 2983 1066 3022 se
1076 2960 1244 3039 excipiunt,

177 3080 239 3120 non
256 3082 310 3132 eo,
327 3083 410 3141 quem
430 3063 580 3124 constituit
597 3065 751 3135 Procerus,
769 3075 841 3123 tom.
858 3063 929 3132 ΙΙΙ,
947 3087 976 3140 p.
994 3082 1070 3146 197,
1094 3085 1123 3121 n.
1144 3059 1243 3136 1368,

177 3157 334 3234 praeposito
355 3157 481 3218 Catullo.
502 3161 538 3218 ln
559 3161 656 3222 fronte
675 3160 784 3222 Tibulli
806 3185 871 3224 cum
894 3174 1057 3224 commento
1076 3154 1244 3223 Bernardini

179 3256 355 3317 Veronensis
376 3257 501 3334 positum
518 3272 584 3332 est,
607 3263 681 3320 sicot
698 3262 728 3320 in
745 3263 863 3323 Venett.
882 3258 958 3336 1485
976 3273 1005 3320 et
1024 3261 1116 3343 1487,
1134 3283 1243 3322 carmen

179 3356 221 3416 ud
238 3357 398 3437 Baptistnm
424 3357 580 3428 liminum,
602 3357 648 3416 eui
664 3358 794 3440 adjuncta
811 3374 853 3421 est
870 3361 904 3420 ab
920 3360 1030 3420 editore
1045 3361 1110 3420 Vita
1127 3362 1242 3434 Poetae¹

180 3452 288 3515 diversa
302 3453 337 3512 ab
349 3473 397 3525 er,
414 3474 479 3535 quae
493 3453 524 3514 in
536 3453 593 3513 line
607 3453 745 3531 desmipta
761 3467 806 3515 est
820 3479 836 3516 e
852 3456 947 3519 Codd.
965 3457 1101 3536 Sequitur
1117 3457 1241 3518 canito

178 3574 244 3614 cum
261 3562 413 3612 comment.
430 3551 554 3612 Antonii
568 3551 722 3613 Parthenii.
740 3553 817 3612 Tum
832 3555 994 3636 Propertius
1010 3577 1075 3614 cum
1090 3568 1240 3623 comment.

76 3723 84 3729 ,
176 3650 305 3729 Philippi
320 3650 472 3726 Beroaldi,
487 3651 522 3712 ad
538 3655 618 3735 eujus
633 3651 737 3713 calcem
748 3650 876 3734 legitur:

235 3801 410 3862 Comentarii
432 3805 463 3863 in
485 3803 608 3881 Proptir'a
624 3824 644 3862 o
660 3805 793 3887 Philippo
812 3805 938 3865 insuda
959 3804 1029 3863 editi
1050 3822 1126 3864 anno
1146 3806 1239 3868 salutis

180 3901 535 3978 tuccecnxxxvu,
551 3904 653 3983 tpressi
663 3924 728 3965 nero
737 3903 867 3965 Venetiis
882 3926 903 3962 a
915 3903 1021 3963 Boneto
1035 3904 1161 3964 locotello
1172 3905 1239 3965 Ber

179 4003 295 4082 3011ιέ8.
316 3999 371 4060 Cui
384 4003 545 4062 necessario
559 4001 688 4061 exhibuit
699 4000 813 4063 Nobilis
827 4003 874 4064 vir
887 4004 1059 4064 ecmannus
1069 4005 1170 4066 Scotus
1180 4006 1238 4065 Mo

183 4101 338 4162 doctioris.
362 4099 452 4161 Anno
465 4100 563 4184 ejusde
574 4101 670 4163 salutis
687 4101 871 4185 nonagesimo
891 4103 985 4181 primo
1000 4128 1084 4185 supra
1094 4103 1238 4167 millesimi

178 4222 211 4264 ac
226 4201 515 4288 quadringentesimo.
530 4202 644 4278 Quinto
660 4201 724 4266 idm
739 4203 910 4268 decembres.
