2834 4996
180 461 203 525 6
517 462 664 528 ALBII
695 463 917 530 TIBULLI

225 602 360 683 Terreat
379 618 415 672 ut
433 628 512 672 saeva
532 594 617 674 salce'
626 603 766 701 Priapus
785 632 870 675 aves.

177 717 248 787 Vos
265 745 414 816 quoque,
433 715 538 789 felicis
556 717 739 816 quondam,
758 746 846 789 nuuc
865 717 1020 818 pauperis
1037 723 1110 816 agri

229 832 413 914 Custodes,
431 831 523 904 sertis
540 860 674 906 munera
693 850 817 918 vestra,
837 836 955 906 Lares!
1011 886 1013 890 ι

178 951 273 1023 Tunc
290 949 390 1022 vitula
407 950 597 1022 innumeros
615 949 778 1021 lustrabat
793 976 873 1021 caesa
890 949 1067 1046 jureneos;

178 1118 277 1171 Parnm
290 1116 359 1185 quod
373 1127 427 1169 acta
439 1115 486 1166 sub
498 1114 626 1167 laboribus
643 1115 685 1167 lu-

176 1215 206 1249 ce
216 1237 223 1261 ,
235 1198 330 1249 Parem
340 1194 430 1245 diebus
440 1191 544 1260 pervigil
557 1191 631 1244 traho
639 1211 684 1244 no·

176 1286 254 1329 ctem.
268 1297 280 1318 u
295 1274 365 1326 Hinc
376 1281 465 1324 noster
482 1280 574 1339 poeta,
588 1269 682 1334 credo,

175 1354 297 1406 misertus
315 1350 430 1402 numinis
442 1347 577 1410 Ficulnei,
597 1347 683 1399 minus

174 1430 370 1486 incommodam
388 1429 410 1479 ei
434 1426 573 1479 stationem
593 1435 681 1494 optat,

174 1513 255 1579 hujus
266 1510 323 1562 lihri
338 1507 450 1575 Eleg.1v
465 1527 471 1558 z
485 1529 497 1550 «ι
510 1504 552 1557 Sic
562 1504 683 1556 umbrosa

173 1590 220 1642 tibi
231 1588 385 1655 contingant
405 1593 490 1647 tecta,
511 1583 620 1649 Priape,
640 1581 681 1634 Ne

174 1666 251 1734 capiti
263 1664 342 1728 soles,
356 1681 389 1714 ne
404 1670 567 1727 noceantque
578 1659 657 1711 nives.
668 1681 681 1704 ιι

175 1745 322 1799 Bueucrn.

203 1824 239 1875 18.
249 1815 516 1874 TertioBrouclrhusii
525 1815 606 1870 codici
614 1817 681 1870 inest

169 1899 248 1953 lectio
264 1918 354 1953 curra.
373 1906 401 1949 ut
421 1893 487 1963 apud
506 1892 597 1964 t'irgit.
618 1894 680 1946 AEn.

173 1978 245 2040 Vll,
265 1995 299 2026 rs.
318 1994 380 2046 179,
398 1974 615 2026 Curramservans
634 1975 681 2022 sub

170 2061 280 2123 imagine
288 2055 401 2122 falcem
419 2063 444 2105 et
463 2051 558 2120 Georg.
572 2052 600 2115 l,
617 2052 678 2114 508,

169 2135 208 2187 E!
217 2153 295 2184 curve
303 2133 408 2197 tigillum
409 2131 496 2198 falces
506 2131 647 2196 constanter
653 2134 680 2180 ιἰι

168 2229 259 2264 ensem.
272 2210 362 2263 Codex
376 2209 492 2262 Asclrew.
505 2218 531 2260 et
543 2206 680 2261 Gothanus

170 2289 268 2342 habent
283 2309 377 2342 seras.
396 2287 490 2342 scilicet
504 2306 562 2340 aves
574 2328 580 2352 ,
600 2307 680 2356 quam

169 2368 310 2423 lectionem
319 2367 475 2421 Gebhardus
483 2367 615 2435 amplexus
625 2377 677 2432 est,

170 2447 290 2518 quocirca
311 2446 515 2501 aBrouckhusio
527 2445 678 2515 reprehen-

170 2526 258 2591 ditur,
273 2526 351 2595 idque
367 2525 479 2586 merito;
499 2546 561 2578 nam
577 2525 678 2598 vulgata

168 2602 279 2658 lectione
293 2601 358 2656 nihil
374 2602 520 2670 simplicius.

205 2701 241 2752 ¹9·
254 2679 371 2749 Quidam
388 2678 503 2743 codices,
526 2678 596 2730 inter
613 2697 678 2746 quos

168 2758 255 2827 regius
266 2799 271 2821 ,
280 2759 374 2826 selem
382 2757 504 2810 exhibent
514 2796 521 2820 ‚
531 2754 619 2808 minus
633 2756 676 2807 be·

169 2857 219 2900 ne3
233 2839 267 2891 sic
277 2837 348 2891 enirn
359 2836 425 2906 perit
440 2833 608 2904 oppositionis
622 2853 677 2902 gra·

168 2917 211 2970 tia.
227 2916 297 2970 Felix
316 2937 377 2986 ager
400 2915 444 2985 qui
464 2912 567 2983 proprie
589 2914 675 2980 seras,

167 2996 301 3049 bonusest
316 3018 345 3048 er
357 2994 525 3064 oppositionis
538 2993 610 3063 lege,
629 2993 677 3047 hoc

165 3075 225 3128 loeo
236 3087 274 3128 est
292 3074 376 3139 dives,
397 3074 530 3143 copiosus,
548 3074 615 3126 bene
630 3071 676 3123 in-

166 3164 292 3216 structus,
312 3152 369 3205 villa
383 3151 512 3220 opulenta.
526 3151 568 3205 Sie
583 3149 674 3217 Virgil.

169 3229 224 3283 Ecl.
231 3231 282 3282 VH
293 3270 300 3292 ,
311 3230 355 3294 34,
365 3240 449 3280 custos
457 3249 484 3280 es
492 3232 611 3294 pauperes
623 3228 676 3279 hor

165 3314 201 3367 ti,
221 3306 314 3358 eodem
334 3325 410 3357 sensu
428 3316 456 3356 ut
474 3305 498 3359 h.
519 3302 534 3354 l.
558 3301 673 3369 Respicit

166 3397 254 3442 autem
268 3395 384 3451 tempora
402 3380 460 3433 belli
474 3379 567 3444 civilis,
581 3380 674 3447 quihus

165 3463 315 3532 patrimonii
330 3473 431 3530 partem
444 3481 491 3528 per
502 3458 673 3527 proscriptio-

165 3560 212 3594 nes
226 3541 354 3592 amiserat.
372 3540 463 3591 tlara.

199 3637 237 3670 ao.
250 3619 313 3669 llaec
325 3628 362 3669 est
375 3616 500 3668 librorum
511 3615 601 3678 lectio,
615 3625 674 3666 tan-

164 3704 222 3748 tum
238 3715 291 3746 non
311 3695 450 3758 omnium,
470 3695 544 3761 cujus
562 3693 672 3761 elegan-

165 3773 228 3828 tiatu
243 3794 294 3825 uon
309 3773 440 3841 capientes
452 3772 564 3824 editores
577 3771 669 3838 primi,

164 3855 355 3910 substituerunt
374 3864 459 3904 nostra
478 3851 574 3921 (quod
590 3861 672 3903 exstat

163 3944 253 3987 tamen
267 3933 346 3986 etiam
358 3932 386 3983 in
399 3931 456 3984 cod.
475 3928 583 3999 Paris).
592 3933 671 3981 dertr's

163 4031 263 4063 munera
272 4021 353 4062 restra
362 4018 415 4071 est,
427 4009 484 4074 inre
496 4006 610 4076 quodam
625 4027 670 4058 re-

162 4100 216 4143 stro
226 4089 344 4152 aufertis,
357 4087 479 4156 accipitis,
491 4105 591 4139 aarum
599 4090 670 4140 vobis

162 4170 253 4219 detera.
266 4166 433 4219 lluscum-
443 4164 529 4215 Lares.
541 4165 565 4212 V
568 4162 651 4232 ulpius
660 4203 667 4229 ,

161 4252 263 4297 secutus
274 4241 402 4308 Statium,
415 4238 670 4310 compitalesintelli·

733 1114 776 1181 git.
786 1113 883 1167 Melius
892 1115 1086 1170 Bmuckhusius
1095 1117 1246 1187 silvestres,

731 1193 1247 1263 siveagrestes.—Derebusquetaribus

732 1269 820 1322 offerri
830 1272 956 1337 solebant,
969 1271 1144 1341 Calpurnium
1153 1275 1244 1344 adeas,

733 1349 787 1402 Ect.
798 1350 839 1414 H,
854 1372 887 1403 vs.
899 1352 947 1418 bd,
959 1352 1051 1404 Horat.
1062 1353 1104 1406 Hl
1113 1392 1121 1418 ,
1131 1352 1244 1419 0d.aS;

735 1426 803 1479 Cato
817 1426 849 1480 de
863 1429 895 1482 B.
907 1429 939 1481 R.
951 1448 1006 1497 cap.
1019 1430 1072 1495 143.
1085 1428 1163 1498 Apud
1172 1430 1245 1484 (tru-

733 1515 818 1558 terum
828 1523 909 1561 vacus
918 1523 1016 1560 runnu
1026 1523 1181 1563 ιιιιιιιιιιιιι
1190 1527 1245 1563 me·

733 1596 852 1638 moratur
860 1587 885 1638 in
896 1586 979 1655 lapide
988 1585 1136 1653 luculento,
1144 1608 1170 1656 p.
1178 1607 1243 1654 aoa,

733 1663 791 1716 Cot.
805 1668 836 1729 5,
855 1684 933 1733 quem
946 1665 1032 1717 vicum
1048 1665 1074 1717 in
1088 1676 1183 1734 quarta
1194 1664 1245 1719 de·

730 1744 797 1795 cima
814 1745 884 1798 urhis
905 1745 1011 1813 regione
1031 1755 1103 1798 trans
1120 1745 1243 1799 Tiberim

730 1823 805 1890 ponit
824 1823 853 1876 P.
870 1823 968 1877 Victor.
996 1824 1053 1876 llos
1072 1825 1144 1877 inter
1162 1823 1243 1878 Lares

730 1902 852 1971 praecipui
863 1902 939 1955 luisse
952 1902 1076 1955 videntur
1084 1902 1242 1957 Silvanuset

730 1980 860 2048 Priapus,
880 1990 953 2032 uter
971 1980 1074 2033 Horatii
1091 1980 1177 2050 Epod.
1197 1997 1241 2046 ιι,

729 2077 794 2110 vers.
819 2077 846 2124 17
863 2098 870 2121 ,
896 2068 922 2109 et
936 2077 950 2110 e
965 2056 1085 2111 Maronis
1103 2056 1193 2127 Eclog.
1204 2072 1239 2123 x,

730 2133 845 2204 adparet.
859 2134 1006 2187 Raoucrn.

762 2234 801 2265 ar.
815 2215 839 2264 Τ
835 2233 884 2267 une
894 2216 981 2265 vitula.
989 2211 1157 2266 Omneslibri
1164 2230 1240 2282 eque

726 2301 785 2344 tunc
808 2293 938 2345 exhibent.
964 2292 1140 2346 Nihilominus
1155 2291 1181 2344 J.
1201 2291 1241 2344 Η.

728 2369 802 2423 Voss.
816 2382 844 2424 ut
856 2370 903 2424 hoc
916 2371 988 2437 loco,
1003 2369 1038 2422 ita
1049 2388 1097 2437 per
1109 2379 1196 2422 totum
1205 2367 1241 2421 li-

727 2446 804 2498 brum
813 2458 865 2499 ιιιιιι
873 2447 964 2514 reponi
972 2444 1027 2497 vult
1036 2454 1163 2513 sequente
1171 2463 1241 2498 con·

726 2544 789 2576 sona
801 2504 989 2595 qualicumqire.
1001 2525 1163 2591 Priscianus,
1179 2542 1240 2594 pag.

727 2602 784 2667 556,
794 2602 842 2653 ait:
854 2604 929 2654 Hanc
935 2612 1017 2655 autem
1026 2606 1187 2654 mutationem
1195 2605 1240 2654 Iit·

725 2690 831 2732 terarum
849 2684 976 2734 scr'endm
987 2691 1039 2741 est,
1053 2683 1164 2748 quadam
1181 2699 1239 2732 ιιι·

724 2761 872 2826 taralr'fien'
882 2765 952 2811 voc1's
965 2765 1078 2825 carlom
1099 2758 1144 2811 sed
1155 2757 1239 2813 Baeti.

726 2854 813 2905 errare
822 2835 1002 2902 eosdeclarat,
1012 2835 1056 2905 qui
1066 2854 1149 2889 unum
1159 2854 1240 2889 eum·

724 2910 837 2981 demque
853 2913 961 2965 istarum
977 2931 1070 2966 vocum
1081 2931 1160 2965 usum
1170 2914 1238 2984 opi-

724 2999 830 3042 nantur.
845 2992 914 3043 Tunc
922 2990 994 3043 enim
1005 2990 1161 3059 plerumque
1169 3010 1238 3060 pre·

724 3068 846 3133 teritum,
861 3070 943 3122 rarius
951 3070 1019 3123 aliud
1029 3081 1132 3140 tempus
1143 3071 1238 3141 singu-

723 3144 770 3196 lari
780 3145 892 3213 quadam
899 3146 923 3198 vi
932 3157 1006 3200 notat
1015 3184 1023 3211 ,
1033 3145 1069 3200 tea
1080 3156 1111 3201 ut
1119 3147 1236 3202 selum

723 3233 752 3275 ut
761 3235 852 3278 nostro
862 3223 932 3288 loco,
946 3223 1067 3292 velpem
1074 3224 1237 3295 respondeat

724 3313 752 3353 ut
764 3303 792 3368 l,
808 3320 842 3368 x,
859 3323 895 3376 ¹9·
910 3303 1019 3357 Etiamsi
1034 3322 1087 3357 uua
1100 3303 1141 3357 vel
1152 3303 1234 3357 altera

723 3381 831 3434 istarum
847 3402 941 3435 vocum
956 3382 1113 3451 subintelligi
1133 3382 1232 3451 debet,

721 3456 764 3511 lib.
777 3459 806 3524 l,
826 3458 866 3511 El.
880 3476 921 3524 tv,
934 3479 970 3512 vs
982 3460 1013 3511 53
1024 3480 1030 3521 ;
1042 3459 1081 3511 El.
1096 3476 1130 3525 v,
1144 3480 1181 3514 vs.
1191 3463 1232 3527 41.

726 3539 788 3589 Tum
796 3538 1016 3607 inservitsingulis
1023 3538 1160 3591 sententiis
1169 3556 1232 3591 con·

722 3615 855 3668 tinuandis
867 3656 874 3680 ,
888 3617 929 3669 vel
939 3616 1032 3670 ordine
1041 3617 1156 3686 quodam
1167 3616 1233 3670 elle·

722 3692 827 3757 rendis,
845 3693 901 3746 sine
914 3695 1024 3763 graviori
1038 3696 1164 3764 temporis
1175 3714 1232 3748 no—

721 3772 817 3825 tatione
828 3792 835 3835 ;
844 3785 1002 3844 quapropter
1010 3775 1102 3843 saepius
1109 3776 1232 3844 presenti

720 3851 833 3920 tempori
849 3863 966 3921 aptatur;
980 3853 1022 3906 lib.
1037 3853 1065 3920 l,
1083 3853 1123 3906 El.
1137 3870 1177 3920 ιι,
1195 3874 1231 3908 vs

721 3950 766 4000 793
783 3928 823 3980 El.
842 3947 892 3993 ιιι,
911 3950 946 3983 vs.
961 3950 1007 4001 71;
1022 3927 1062 3983 El.
1081 3944 1130 3995 tv,
1147 3949 1184 3982 vs.
1199 3952 1231 4000 7,

720 4007 760 4060 El.
771 4024 840 4073 vm,
854 4028 889 4059 vs.
904 4011 951 4075 43;
965 4009 1003 4062 El.
1016 4026 1049 4073 x,
1061 4028 1097 4061 vs.
1109 4009 1149 4062 53.
1163 4010 1228 4063 Haec

719 4084 825 4152 quidem
846 4085 926 4137 Bach.
949 4085 993 4138 sed
1016 4085 1093 4154 paulo
1111 4085 1179 4139 infra
1195 4085 1227 4138 ad

718 4163 843 4217 Prisciani
855 4175 1032 4233 preceptum,
1048 4175 1140 4217 contra
1152 4183 1227 4218 suam

717 4241 890 4311 voluntatem,
898 4243 951 4315 ipse
960 4244 1107 4299 revertitur.
1117 4245 1227 4300 Fatetur
