2806 5002
153 468 189 509 ει
375 445 665 508 ELEGlAllUld
686 443 1002 511 ARGUMENTA.

520 602 756 679 CARMEN
788 604 855 677 Xl.

194 773 320 858 Sulpicia
332 795 366 836 ex
379 774 453 837 lebri
463 775 616 851 bborans‚
631 774 773 837 Cerintho
789 798 820 837 se
837 777 988 840 sollicitam
1007 798 1068 840 esse
1083 776 1122 839 de
1137 775 1233 856 ipsius

152 893 249 936 amore
264 871 416 955 profitetur
434 884 511 935 etse
528 872 744 948 convalescere,
765 873 842 936 idem
861 874 886 936 si
906 874 1049 936 Cerintho
1062 873 1155 935 suerit
1171 895 1236 953 op·

153 981 260 1046 tatum,
277 969 367 1049 eupit.

509 1127 749 1203 CARMEN
780 1129 872 1202 Xll.

194 1299 351 1364 laevitatem
361 1321 458 1373 suam,
467 1299 546 1381 quod
553 1299 725 1362 Ceriutbum
732 1300 879 1382 reliquerit
884 1299 996 1372 solnm,
1006 1309 1121 1360 excusat
1127 1297 1236 1375 puella.

499 1481 739 1555 CARMEN
770 1483 886 1555 Xlll.

196 1650 368 1734 Haecelegia
375 1656 452 1730 (meu
458 1655 612 1732 sententis)
622 1656 773 1719 adDeliam
779 1654 915 1733 pertinet,
925 1666 956 1718 et
962 1665 1029 1733 post
1036 1653 1157 1734 primum
1165 1651 1235 1713 libri

154 1751 240 1832 primi
253 1751 372 1834 legenda
388 1765 441 1815 est.
461 1754 573 1816 Ordine
590 1777 659 1818 vero
674 1756 811 1837 temporis
826 1765 937 1818 servato
953 1775 1013 1815 eum
1025 1752 1131 1814 merito
1143 1774 1233 1835 quar·

154 1865 212 1914 tam
227 1853 428 1917 numeraveris.
444 1856 529 1916 durat
544 1870 629 1938 poeta
643 1856 746 1938 puellae
760 1879 838 1932 suse,
859 1877 889 1917 se
902 1857 930 1918 ei
947 1855 999 1916 uni
1014 1865 1154 1938 perpetuo
1170 1877 1234 1917 ser·

153 1953 280 2013 siturum
293 1974 301 2012 ε
316 1975 384 2016 mor
401 1977 490 2036 quum
505 1976 536 2016 se
551 1956 761 2037 praecipitanter
774 1956 831 2017 boc
844 1958 951 2040 jurasse
965 1954 1122 2037 intelligat,
1140 1974 1236 2036 quum

155 2051 249 2133 puella
264 2051 317 2112 bac
337 2054 506 2114 constantiae
518 2053 697 2132 professione
712 2055 814 2116 adduci
826 2058 936 2134 possit,
958 2067 993 2115 ut
1007 2054 1042 2117 de
1056 2056 1118 2137 ejus
1132 2075 1234 2117 amore
1250 2046 1253 2051 ¹

155 2152 238 2213 nimis
252 2173 371 2228 secura,
386 2153 417 2212 in
430 2154 500 2216 alios
512 2154 573 2237 ipsa
581 2177 692 2216 amores
706 2153 841 2241 proclivis
857 2154 911 2229 sit,
928 2154 965 2216 ad
978 2175 1076 2237 preces
1086 2152 1238 2233 supplices

158 2251 298 2336 confligit

496 2413 738 2488 CARMEN
774 2416 880 2488 xlv,

200 2585 247 2644 De
260 2584 376 2663 pertidia
391 2585 493 2668 puellae
506 2586 669 2659 sollicitus,
691 2599 801 2648 tantum
815 2587 873 2649 boc
888 2587 919 2647 in
934 2586 1010 2649 votis
1028 2584 1114 2646 lubet
1124 2596 1158 2644 ut
1173 2583 1240 2661 ipse

161 2684 263 2745 surdus
273 2684 319 2745 sit.
331 2687 398 2747 lloc
410 2705 538 2759 carmen,
549 2707 615 2768 qum
624 2708 687 2749 mea
697 2687 836 2747 sententia
846 2687 900 2759 sit,
914 2685 1021 2765 optime
1031 2695 1098 2764 post
1105 2683 1241 2765 quinum

160 2783 246 2862 primi
261 2784 328 2847 libri
341 2786 459 2870 elegiam
475 2785 606 2869 legetur,
623 2783 785 2848 lasciviente
793 2786 849 2868 jam
862 2785 944 2847 Delia
960 2795 990 2847 et
1003 2783 1074 2847 alios
1092 2796 1242 2845 amatores

161 2885 233 2948 elam
247 2887 350 2950 marito
366 2889 494 2969 clamque
505 2885 624 2948 Tibullo
637 2885 813 2948 admittente.

210 3071 265 3142 De
277 3069 418 3166 singulis
434 3069 657 3166 argumentis,
676 3085 821 3169 quatuor
837 3065 999 3140 librorum
1018 3064 1174 3138 ordinem
1188 3091 1244 3139 se·

165 3182 247 3271 cuti,
264 3189 331 3278 jam
346 3213 418 3283 quae
433 3186 629 3259 sentiremus
643 3183 795 3258 diximus.
813 3183 975 3283 Superest
991 3198 1029 3255 ut
1045 3179 1171 3276 elegias
1185 3207 1245 3255 se-

164 3301 309 3375 eundum
316 3302 434 3374 seriem
442 3319 629 3401 temporum
638 3301 870 3402 disponamus,
884 3295 1245 3400 deniquentScaligeti

165 3413 375 3509 traiectiones
385 3442 459 3487 cum
471 3412 613 3510 vulgatis
624 3414 825 3489 editionibus
838 3411 1057 3498 conseramus,
1075 3427 1107 3484 et
1118 3440 1244 3487 rursm

164 3527 315 3625 vulgatas
334 3527 495 3602 editiones
513 3544 547 3600 et
560 3526 665 3603 libros
679 3529 823 3630 scriptos
838 3555 912 3601 cum
927 3525 1017 3600 illius
1031 3526 1249 3626 depravatio·

167 3644 280 3718 uibus.
294 3646 378 3720 Tres
391 3644 493 3742 igitur
508 3644 732 3718 submittimus
748 3643 878 3718 tabulas
896 3671 1036 3745 quarum
1051 3642 1161 3743 prima
1175 3643 1250 3720 ele-

167 3760 237 3854 gias
252 3761 369 3834 ordine
388 3759 627 3860 chronologico
645 3761 798 3849 exhibet,
824 3759 960 3865 relique
976 3787 1054 3833 vero
1071 3759 1146 3834 due
1164 3761 1252 3836 vul-

166 3904 274 3950 neraa
290 3876 459 3975 scaligero
472 3876 774 3979 Brouelthusioque
785 3876 877 3951 illata
890 3895 1027 3964 sanant,
1043 3904 1259 3975 comparaue-

164 3989 283 4091 disque
299 3990 387 4066 iuter
404 4019 440 4065 se
456 3991 554 4066 variis
573 3990 775 4066 editionibus
792 3990 986 4064 inserviunt.

581 4203 821 4230 ..ιο-
