2834 4996
171 441 213 504 30
495 436 648 505 ALBll
680 434 908 503 TIBULLI

170 581 259 650 Num
276 575 364 648 seror
382 575 527 648 incestus
543 575 636 649 sedes
652 573 772 648 adiisse
788 573 941 660 deorum,

220 693 378 792 Sertaque
397 690 436 763 de
455 691 577 764 sanetis
594 691 776 791 deripuisse
793 690 905 763 focis?

171 808 247 879 Non
264 835 343 902 ego,
361 804 388 878 si
407 804 530 892 merui,
548 803 697 878 dubitem
713 804 932 905 procumbere
951 802 1109 904 templis,¹
1209 829 1244 880 ns

221 922 265 991 Et
284 920 358 992 dore
377 918 512 992 sacratis
529 917 641 992 oscula
657 917 848 990 liminibus:

173 1040 250 1110 Non
269 1064 331 1131 ego
349 1034 498 1108 tellurem
515 1037 655 1130 genibus
671 1061 843 1136 perrepere
863 1030 1021 1134 supplex,

223 1157 267 1226 Et
283 1155 437 1226 miserum
452 1170 568 1225 sancto
582 1151 720 1225 tundere
738 1168 835 1251 poste
851 1166 960 1249 caput.

174 1275 222 1344 At
240 1289 297 1359 tu,
317 1273 373 1371 qui
392 1270 486 1343 laetus
503 1270 590 1343 rides
606 1268 691 1342 mela
706 1285 836 1355 nostra,
854 1284 966 1340 caveto

173 1460 309 1530 epitheton
318 1479 411 1526 mapna
419 1459 514 1528 ubique
527 1460 628 1511 Veneri
640 1458 681 1511 da·
732 1462 776 1509 vel
787 1460 900 1509 deorsum
908 1475 963 1508 crem
973 1461 1102 1524 virapere.
1112 1455 1225 1511 Plautus
1236 1497 1244 1523 ,

175 1549 231 1590 tum
241 1539 432 1604 esseMagrrum
440 1541 538 1589 verbm
550 1548 614 1589 esset
622 1558 695 1590 ver·.
732 1535 803 1588 Rud.
820 1546 868 1587 art.
881 1534 921 1588 lll
932 1573 939 1600 ,
951 1551 984 1586 sc.
994 1549 1044 1599 ιιι,
1059 1552 1094 1586 vs.
1108 1537 1130 1587 5.
1144 1536 1246 1588 Deera

175 1616 238 1668 bum
251 1616 402 1684 superbum.
731 1617 840 1682 deripere
849 1643 881 1653 -
892 1614 933 1666 De
941 1614 1136 1683 permutetione
1147 1616 1247 1669 verbo-

208 1695 248 1745 83.
269 1696 335 1745 Num
349 1692 422 1758 serm
436 1697 548 1744 incestu
563 1703 612 1745 eto.
632 1693 683 1761 lp·
732 1712 792 1745 rum
801 1697 940 1759 deripereel
948 1694 1053 1758 diripere
1061 1691 1120 1744 vide
1130 1691 1245 1748 Βιοιιά.

175 1790 234 1822 sum
252 1772 352 1824 crimen
367 1770 498 1838 religionis
520 1769 620 1822 viotarae
641 1775 683 1821 in-
732 1771 764 1822 ad
781 1781 916 1836 nostrum,
935 1770 1030 1822 Heius.
1042 1769 1073 1821 ad
1084 1768 1164 1822 Ovid.
1175 1770 1245 1825 Mes

116 1884 127 1898 s
175 1863 268 1903 cesinrn
283 1851 385 1903 vocavit
397 1849 506 1909 Cicero:
522 1850 568 1903 sed
580 1850 629 1902 hoe
643 1851 681 1901 lo·
732 1849 775 1901 lib.
788 1849 830 1902 lll
843 1888 850 1912 ,
866 1849 966 1900 SnFea
976 1847 1006 1899 nd
1021 1848 1115 1900 llornt.
1126 1849 1178 1913 lV,
1188 1847 1245 1901 Od.

174 1947 205 1980 eo
226 1927 380 1980 vocabulum
405 1930 479 1981 aliter
500 1927 683 1980 intellexerim.
733 1944 862 1993 xv‚vers.
881 1947 904 1998 9.
921 1928 956 1980 Et
969 1927 1124 1981 omninode
1141 1927 1244 2000 syllabis

175 2007 257 2060 Poeta
269 2027 302 2059 ue
315 2007 503 2076 interrogando
512 2007 618 2075 quidem
632 2026 683 2059 see·
733 2010 765 2059 de
776 2019 802 2060 et
814 2011 845 2059 rii
854 2006 880 2057 in
893 2008 1042 2076 compositis
1052 2027 1119 2078 sepe
1131 2008 1245 2077 permix-

176 2085 271 2136 lusnse
285 2085 454 2138 commissum
469 2083 610 2153 significan
622 2083 684 2135 nul·
733 2085 763 2137 tis
775 2125 782 2148 ,
794 2084 844 2137 vid.
860 2085 1009 2138 Drarlrenb.
1022 2084 1054 2137 sd
1073 2085 1187 2139 LirIum.
1199 2085 1243 2140 lib.

176 2162 227 2214 lam
236 2163 312 2214 aliam
324 2162 418 2214 divinre
430 2163 475 2214 irie
484 2180 586 2213 eausam
596 2171 682 2228 putat,
737 2163 806 2226 Vll,
820 2181 884 2215 vers.
898 2163 937 2213 23.
951 2164 988 2215 H.

179 2259 257 2307 quum
274 2240 343 2307 quod
360 2241 392 2291 ab
405 2239 459 2292 aliis
472 2238 504 2291 sit
518 2239 685 2291 obtrectatus.
765 2241 804 2294 86.
820 2243 857 2292 Er
866 2244 927 2293 dare
936 2245 1053 2294 sacratis.
1066 2241 1160 2295 Riturn
1171 2241 1245 2297 bunc

175 2316 317 2369 Nonenim
333 2318 410 2369 dixit:
427 2337 485 2369 num
500 2319 572 2368 sedes
586 2319 685 2368 deorum
733 2319 838 2388 pulebre
859 2320 995 2373 illustravit
1019 2318 1138 2389 Lipsius,
1160 2320 1244 2376 Etece

174 2400 242 2455 adii:
253 2396 298 2447 sed
309 2393 685 2460 tantumnurnedirsseseror?
732 2398 775 2451 lib.
790 2399 815 2451 ll
825 2438 831 2461 ,
848 2417 903 2467 rap.
922 2399 945 2449 6.
962 2397 1014 2450 Cui
1033 2399 1098 2450 adde
1121 2397 1245 2464 nouem

195 2476 234 2540 84.
244 2477 385 2542 Sertaque...
397 2478 540 2540 deripuisse,
548 2478 622 2526 Voss.
631 2472 685 2524 vul·
734 2476 878 2529 Praecidan.
894 2495 948 2545 rap.
964 2496 994 2542 ι,
1008 2494 1073 2544 quos
1086 2495 1137 2530 nec
1149 2475 1244 2530 nomi-

174 2563 265 2620 gatmn
276 2556 408 2619 diripuisse
422 2552 449 2603 io
463 2560 563 2604 testum
582 2569 684 2603 revocu-
733 2565 806 2607 natos
819 2554 948 2623 exscripsit
957 2553 1066 2607 Martin.
1079 2552 1180 2625 Kernp.
1191 2554 1246 2610 dis-

176 2631 220 2682 vit.
230 2631 379 2683 Baebeum
387 2630 686 2698 secrrtusest,etpariter
732 2642 793 2685 sert.
804 2649 845 2684 vir
856 2673 863 2696 ‚
876 2631 909 2684 de
919 2633 1027 2697 osculis,
1040 2652 1096 2702 cop.
1110 2634 1150 2686 23.
1170 2633 1202 2687 B.

176 2691 271 2763 bauer.
281 2709 477 2762 contradicente
487 2707 632 2773 Husebkio,
640 2709 685 2777 qui
769 2711 809 2776 87.
821 2708 995 2774 Gebbordus,
1012 2710 1138 2779 quonism
1149 2711 1177 2763 in
1190 2709 1246 2782 pri-¹

176 2787 252 2856 plura
262 2789 379 2856 exempla
391 2812 428 2842 eso
440 2791 549 2855 deripere
564 2786 686 2840 ostendit.
736 2806 784 2839 mo
797 2788 916 2840 Palatino
925 2798 1061 2855 proterrere
1073 2797 1143 2853 erat,
1156 2806 1246 2842 emen·

177 2867 273 2919 -t'iri
285 2868 408 2936 quidam,
421 2866 497 2920 nerii
509 2865 684 2936 despiciendi,
733 2865 804 2917 davit
816 2865 894 2919 unico
903 2865 1037 2918 elemento
1046 2866 1205 2934 immutato,
1216 2866 1246 2919 in

179 2943 390 2998 docentverbum
397 2949 500 3012 diripere
505 2963 685 3015 semperusur·
728 2962 872 3009 prorerrere.
883 2943 982 2996 Probat
993 2943 1060 2998 bane
1069 2963 1144 2998 suam
1154 2962 1246 3000 emen·

180 3023 236 3091 pori
252 3023 284 3076 de
297 3024 440 3092 rebusque
452 3023 578 3077 minutim
590 3024 686 3076 dtstra-
737 3021 940 3076 dationemloeis
948 3023 1046 3091 aliquot
1052 3023 1246 3097 eliorumseeip·

178 3100 298 3168 bantur,
320 3102 361 3153 vel
383 3101 579 3164 dilacerentur3
604 3100 685 3154 iidem
732 3111 838 3165 torum,
868 3102 912 3153 ubi
927 3103 1060 3156 *mulieres
1079 3102 1245 3158 inducuntur

176 3190 281 3245 contra,
293 3183 401 3246 deripere
410 3192 559 3248 reponunt,
571 3182 616 3233 ubi
628 3199 685 3233 sen·
733 3196 788 3232 aens
794 3189 871 3247 atque
879 3180 1247 3237 humumcrindsussuisever·

175 3276 218 3309 sus
230 3269 284 3320 est,
297 3261 394 3309 deloco
406 3277 461 3309 cerr
474 3263 503 3309 vi
514 3277 620 3316 morere,
637 3278 686 3309 arr-
733 3267 828 3309 rentes.
841 3256 907 3308 Eam
921 3257 947 3309 in
960 3275 1018 3310 rem
1031 3258 1084 3326 apti
1100 3259 1245 3314 erautrri-

168 3333 245 3401 serre.
265 3334 318 3388 Sed
337 3339 378 3386 dis
390 3346 417 3387 et
429 3338 475 3400 di,
492 3354 543 3402 qua
559 3336 684 3404 opinione
734 3354 780 3386 nes
797 3333 956 3399 muliebres,
976 3335 1046 3405 longi
1066 3353 1095 3389 ac
1107 3333 1244 3405 promissi,

176 3433 251 3479 sum,
260 3433 314 3466 nou
327 3413 412 3466 solum
423 3413 530 3481 alicujus
542 3416 580 3467 rei
592 3416 620 3466 in
629 3414 686 3466 mi·
734 3431 788 3465 non
804 3431 866 3465 vero
878 3431 971 3482 genua.

180 3503 259 3545 nutas
280 3500 365 3560 partes
385 3491 599 3544 dilacerationem
615 3491 687 3544 indi·
767 3493 806 3562 89.
821 3493 859 3543 A!
868 3501 912 3551 tu,
931 3494 1062 3558 pesilo-ius.
1076 3490 1175 3544 Sensus
1187 3502 1248 3547 est:

175 3581 255 3635 eant,
280 3563 372 3621 rerum
395 3570 475 3622 etiam
493 3571 686 3638 separationem
735 3570 821 3622 Amor
827 3588 882 3621 non
895 3569 940 3620 uni
952 3568 1033 3632 milri,
1045 3568 1090 3621 sed
1102 3579 1130 3622 et
1141 3570 1189 3624 tibi
1197 3589 1245 3624 ste-

176 3648 208 3700 ab
227 3648 276 3700 alia
297 3666 333 3698 re.
350 3647 459 3699 Locutio
477 3650 687 3701 dimisiicorniirs
733 3645 1246 3714 viet‚quamvismenuncloetusirridess.

176 3724 256 3777 modo
269 3723 398 3793 significat
413 3731 516 3777 comites
530 3731 557 3777 in
574 3729 688 3778 diversas
735 3723 850 3776 Brouck.
859 3724 1005 3775 earrninum
1018 3724 1173 3778 immensam
1179 3742 1248 3779 eou-

171 3813 259 3870 paries
269 3803 440 3869 abirejussii,·
451 3802 547 3866 modot,
559 3808 661 3855 cometes
668 3823 687 3854 a
734 3803 801 3871 gerit
811 3801 909 3852 molem
920 3812 950 3854 ut
963 3803 1037 3856 uobis
1045 3818 1200 3873 persuasum
1207 3803 1246 3857 fe·

176 3885 269 3946 serpso
280 3886 388 3933 remorii.
399 3881 520 3934 Verbum
532 3884 691 3947 digrediendi
734 3880 784 3931 cist
796 3878 853 3930 loco
869 3902 906 3932 rso
926 3883 1015 3941 letus,
1032 3878 1175 3949 legendum
1190 3899 1246 3934 esse

176 3976 314 4026 nunquam
330 3958 398 4010 aliud
414 3959 511 4011 indicat
527 3977 607 4027 quarn
617 3963 688 4010 abire
734 3956 906 4023 ienrss;quod
916 3956 1136 4010 omninofalsum.
1146 3956 1246 4012 Statius

177 4041 310 4105 abaliquo.
323 4037 422 4089 Sensus
434 4037 515 4090 series
529 4046 568 4089 est
581 4037 684 4105 itaque,
734 4053 872 4105 perperam
881 4035 967 4106 jungit
978 4055 985 4090 s
996 4041 1066 4090 araia
1075 4047 1165 4091 mm
1175 4055 1247 4090 cere·

178 4135 236 4185 quae
245 4115 294 4169 hoc
303 4114 360 4168 loco
369 4117 442 4169 litem
450 4114 574 4167 dirimere
583 4116 685 4183 poterit.
734 4115 1247 4185 rosensusaVotpioprepostsuuMox

178 4195 214 4246 ll.
226 4195 456 4260 Voss-Derrpere
465 4204 505 4248 est
515 4197 608 4245 deloco
614 4197 682 4256 alio,
735 4191 783 4245 tibi
795 4210 850 4245 nou
864 4210 933 4247 uuus
944 4192 1004 4260 (sed
1013 4208 1108 4246 omues
1123 4192 1181 4260 dii)
1189 4208 1246 4247 ιι·
