<?xml version="1.0" encoding="UTF-8"?>
<!DOCTYPE html PUBLIC "-//W3C//DTD XHTML 1.0 Transitional//EN"
    "http://www.w3.org/TR/xhtml1/DTD/xhtml1-transitional.dtd">
<html xmlns="http://www.w3.org/1999/xhtml" xml:lang="en" lang="en">
 <head>
  <title>
</title>
<meta http-equiv="Content-Type" content="text/html;charset=utf-8" />
  <meta name='ocr-system' content='tesseract 3.04.00' />
  <meta name='ocr-capabilities' content='ocr_page ocr_carea ocr_par ocr_line ocrx_word'/>
</head>
<body>
  <div class='ocr_page' id='page_1' title='image "albiitibulliqua00golbgoog_0028.png"; bbox 0 0 2834 4996; ppageno 0'>
   <div class='ocr_carea' id='block_1_1' title="bbox 172 433 843 520">
    <p class='ocr_par' dir='ltr' id='par_1_1' title="bbox 172 433 843 520">
     <span class='ocr_line' id='line_1_1' title="bbox 172 433 843 520; baseline 0.007 -30"><span class='ocrx_word' id='word_1_1' title='bbox 172 439 236 520; x_wconf 69' lang='lat' dir='ltr'>„vj</span> <span class='ocrx_word' id='word_1_2' title='bbox 277 456 286 489; x_wconf 65' lang='lat' dir='ltr'>r</span> <span class='ocrx_word' id='word_1_3' title='bbox 557 434 617 495; x_wconf 81' lang='lat' dir='ltr'>nn</span> <span class='ocrx_word' id='word_1_4' title='bbox 647 433 843 495; x_wconf 79' lang='lat' dir='ltr'>arsurus</span> 
     </span>
    </p>
   </div>
   <div class='ocr_carea' id='block_1_2' title="bbox 135 561 1238 2130">
    <p class='ocr_par' dir='ltr' id='par_1_2' title="bbox 135 561 1238 2130">
     <span class='ocr_line' id='line_1_2' title="bbox 170 561 1230 650; baseline -0.002 -20"><span class='ocrx_word' id='word_1_5' title='bbox 170 581 201 631; x_wconf 90' lang='lat' dir='ltr'>et</span> <span class='ocrx_word' id='word_1_6' title='bbox 213 569 274 650; x_wconf 84' lang='lat' dir='ltr'>ejus</span> <span class='ocrx_word' id='word_1_7' title='bbox 286 565 361 631; x_wconf 80' lang='lat' dir='ltr'>curis</span> <span class='ocrx_word' id='word_1_8' title='bbox 375 561 534 648; x_wconf 62' lang='lat' dir='ltr'>precipuus</span> <span class='ocrx_word' id='word_1_9' title='bbox 548 563 646 646; x_wconf 82' lang='lat' dir='ltr'>elegiae</span> <span class='ocrx_word' id='word_1_10' title='bbox 657 585 725 624; x_wconf 91' lang='lat' dir='ltr'>usus</span> <span class='ocrx_word' id='word_1_11' title='bbox 735 562 808 637; x_wconf 85' lang='lat' dir='ltr'>luit,</span> <span class='ocrx_word' id='word_1_12' title='bbox 817 561 975 645; x_wconf 77' lang='lat' dir='ltr'><strong>mansitque</strong></span> <span class='ocrx_word' id='word_1_13' title='bbox 987 564 1070 626; x_wconf 86' lang='lat' dir='ltr'>etiam</span> <span class='ocrx_word' id='word_1_14' title='bbox 1078 568 1152 643; x_wconf 89' lang='lat' dir='ltr'>apud</span> <span class='ocrx_word' id='word_1_15' title='bbox 1163 587 1230 644; x_wconf 88' lang='lat' dir='ltr'>eos,</span> 
     </span>
     <span class='ocr_line' id='line_1_3' title="bbox 171 661 1229 752; baseline 0.001 -24"><span class='ocrx_word' id='word_1_16' title='bbox 171 667 222 752; x_wconf 84' lang='lat' dir='ltr'>qui</span> <span class='ocrx_word' id='word_1_17' title='bbox 237 666 314 728; x_wconf 91' lang='lat' dir='ltr'>lusus</span> <span class='ocrx_word' id='word_1_18' title='bbox 330 674 440 725; x_wconf 78' lang='lat' dir='ltr'>tantum</span> <span class='ocrx_word' id='word_1_19' title='bbox 462 661 588 746; x_wconf 83' lang='lat' dir='ltr'>ingenii,</span> <span class='ocrx_word' id='word_1_20' title='bbox 605 684 666 724; x_wconf 91' lang='lat' dir='ltr'>non</span> <span class='ocrx_word' id='word_1_21' title='bbox 685 684 769 724; x_wconf 82' lang='lat' dir='ltr'>veros</span> <span class='ocrx_word' id='word_1_22' title='bbox 789 685 916 737; x_wconf 81' lang='lat' dir='ltr'>amores,</span> <span class='ocrx_word' id='word_1_23' title='bbox 933 664 1056 727; x_wconf 75' lang='lat' dir='ltr'>carmine</span> <span class='ocrx_word' id='word_1_24' title='bbox 1073 688 1229 750; x_wconf 81' lang='lat' dir='ltr'>perseque-</span> 
     </span>
     <span class='ocr_line' id='line_1_4' title="bbox 171 761 1233 850; baseline 0.001 -21"><span class='ocrx_word' id='word_1_25' title='bbox 171 778 270 829; x_wconf 80' lang='lat' dir='ltr'>rentur</span> <span class='ocrx_word' id='word_1_26' title='bbox 280 787 288 822; x_wconf 87' lang='lat'>:</span> <span class='ocrx_word' id='word_1_27' title='bbox 300 763 331 825; x_wconf 90' lang='lat' dir='ltr'>id</span> <span class='ocrx_word' id='word_1_28' title='bbox 340 762 421 845; x_wconf 72' lang='lat' dir='ltr'>quod</span> <span class='ocrx_word' id='word_1_29' title='bbox 435 764 490 844; x_wconf 86' lang='lat' dir='ltr'>jam</span> <span class='ocrx_word' id='word_1_30' title='bbox 505 761 540 823; x_wconf 94' lang='lat' dir='ltr'>ab</span> <span class='ocrx_word' id='word_1_31' title='bbox 556 761 664 825; x_wconf 79' lang='lat' dir='ltr'>Ouidio</span> <span class='ocrx_word' id='word_1_32' title='bbox 681 761 794 824; x_wconf 82' lang='lat' dir='ltr'>[actum.</span> <span class='ocrx_word' id='word_1_33' title='bbox 807 765 843 823; x_wconf 96' lang='lat' dir='ltr'>ln</span> <span class='ocrx_word' id='word_1_34' title='bbox 857 763 932 826; x_wconf 88' lang='lat' dir='ltr'>curis</span> <span class='ocrx_word' id='word_1_35' title='bbox 945 788 1014 827; x_wconf 82' lang='lat' dir='ltr'>uero</span> <span class='ocrx_word' id='word_1_36' title='bbox 1025 768 1128 830; x_wconf 89' lang='lat' dir='ltr'>amoris</span> <span class='ocrx_word' id='word_1_37' title='bbox 1144 766 1233 850; x_wconf 83' lang='lat' dir='ltr'>expri-</span> 
     </span>
     <span class='ocr_line' id='line_1_5' title="bbox 170 859 1235 943; baseline 0 -16"><span class='ocrx_word' id='word_1_38' title='bbox 170 863 280 927; x_wconf 88' lang='lat' dir='ltr'>mendis</span> <span class='ocrx_word' id='word_1_39' title='bbox 296 860 427 923; x_wconf 88' lang='lat' dir='ltr'>omniane</span> <span class='ocrx_word' id='word_1_40' title='bbox 439 859 583 943; x_wconf 80' lang='lat' dir='ltr'>aeqrraliter</span> <span class='ocrx_word' id='word_1_41' title='bbox 597 860 751 941; x_wconf 82' lang='lat' dir='ltr'>procedere</span> <span class='ocrx_word' id='word_1_42' title='bbox 762 875 904 943; x_wconf 88' lang='lat' dir='ltr'>possunt,</span> <span class='ocrx_word' id='word_1_43' title='bbox 915 874 947 923; x_wconf 91' lang='lat' dir='ltr'>ut</span> <span class='ocrx_word' id='word_1_44' title='bbox 958 863 1009 923; x_wconf 87' lang='lat' dir='ltr'>alia</span> <span class='ocrx_word' id='word_1_45' title='bbox 1020 865 1101 925; x_wconf 86' lang='lat' dir='ltr'>aliam</span> <span class='ocrx_word' id='word_1_46' title='bbox 1115 879 1235 929; x_wconf 87' lang='lat' dir='ltr'>senten-</span> 
     </span>
     <span class='ocr_line' id='line_1_6' title="bbox 169 959 1235 1046; baseline 0.005 -24"><span class='ocrx_word' id='word_1_47' title='bbox 169 964 254 1036; x_wconf 85' lang='lat' dir='ltr'>tiam,</span> <span class='ocrx_word' id='word_1_48' title='bbox 264 959 352 1022; x_wconf 84' lang='lat' dir='ltr'>veluti</span> <span class='ocrx_word' id='word_1_49' title='bbox 362 959 391 1019; x_wconf 89' lang='lat' dir='ltr'>io</span> <span class='ocrx_word' id='word_1_50' title='bbox 408 980 538 1021; x_wconf 88' lang='lat' dir='ltr'>sermone</span> <span class='ocrx_word' id='word_1_51' title='bbox 555 981 621 1021; x_wconf 90' lang='lat' dir='ltr'>cum</span> <span class='ocrx_word' id='word_1_52' title='bbox 634 959 743 1021; x_wconf 90' lang='lat' dir='ltr'>ratione</span> <span class='ocrx_word' id='word_1_53' title='bbox 755 971 784 1019; x_wconf 88' lang='lat' dir='ltr'>et</span> <span class='ocrx_word' id='word_1_54' title='bbox 799 960 888 1021; x_wconf 89' lang='lat' dir='ltr'>multa</span> <span class='ocrx_word' id='word_1_55' title='bbox 901 959 1103 1023; x_wconf 73' lang='lat' dir='ltr'>deliberatione</span> <span class='ocrx_word' id='word_1_56' title='bbox 1117 986 1235 1046; x_wconf 84' lang='lat' dir='ltr'>compo·</span> 
     </span>
     <span class='ocr_line' id='line_1_7' title="bbox 170 1058 1235 1143; baseline -0.001 -18"><span class='ocrx_word' id='word_1_57' title='bbox 170 1064 226 1125; x_wconf 89' lang='lat' dir='ltr'>sito</span> <span class='ocrx_word' id='word_1_58' title='bbox 243 1072 273 1121; x_wconf 87' lang='lat' dir='ltr'>et</span> <span class='ocrx_word' id='word_1_59' title='bbox 287 1059 437 1143; x_wconf 61' lang='lat' dir='ltr'>diligenter</span> <span class='ocrx_word' id='word_1_60' title='bbox 451 1058 612 1131; x_wconf 89' lang='lat' dir='ltr'>elaborato,</span> <span class='ocrx_word' id='word_1_61' title='bbox 626 1059 764 1139; x_wconf 84' lang='lat' dir='ltr'>excipiat?</span> <span class='ocrx_word' id='word_1_62' title='bbox 780 1061 850 1119; x_wconf 89' lang='lat' dir='ltr'>Non</span> <span class='ocrx_word' id='word_1_63' title='bbox 864 1060 966 1133; x_wconf 83' lang='lat' dir='ltr'>credo;</span> <span class='ocrx_word' id='word_1_64' title='bbox 978 1061 1028 1122; x_wconf 90' lang='lat' dir='ltr'>sed</span> <span class='ocrx_word' id='word_1_65' title='bbox 1040 1073 1072 1122; x_wconf 93' lang='lat' dir='ltr'>ut</span> <span class='ocrx_word' id='word_1_66' title='bbox 1084 1063 1114 1123; x_wconf 92' lang='lat' dir='ltr'>io</span> <span class='ocrx_word' id='word_1_67' title='bbox 1126 1076 1235 1125; x_wconf 91' lang='lat' dir='ltr'>amante</span> 
     </span>
     <span class='ocr_line' id='line_1_8' title="bbox 135 1156 1235 1239; baseline 0.002 -20"><span class='ocrx_word' id='word_1_68' title='bbox 135 1212 139 1219; x_wconf 93' lang='lat'>.</span> <span class='ocrx_word' id='word_1_69' title='bbox 169 1159 240 1221; x_wconf 85' lang='lat' dir='ltr'>alius</span> <span class='ocrx_word' id='word_1_70' title='bbox 259 1159 346 1220; x_wconf 89' lang='lat' dir='ltr'>alium</span> <span class='ocrx_word' id='word_1_71' title='bbox 369 1156 454 1218; x_wconf 90' lang='lat' dir='ltr'>animi</span> <span class='ocrx_word' id='word_1_72' title='bbox 475 1167 586 1216; x_wconf 90' lang='lat' dir='ltr'>motum</span> <span class='ocrx_word' id='word_1_73' title='bbox 602 1156 711 1231; x_wconf 89' lang='lat' dir='ltr'>trudit,</span> <span class='ocrx_word' id='word_1_74' title='bbox 729 1168 830 1239; x_wconf 84' lang='lat' dir='ltr'>urget;</span> <span class='ocrx_word' id='word_1_75' title='bbox 847 1156 884 1218; x_wconf 86' lang='lat' dir='ltr'>ita</span> <span class='ocrx_word' id='word_1_76' title='bbox 905 1160 1076 1232; x_wconf 88' lang='lat' dir='ltr'>sententias,</span> <span class='ocrx_word' id='word_1_77' title='bbox 1092 1182 1153 1221; x_wconf 92' lang='lat' dir='ltr'>non</span> <span class='ocrx_word' id='word_1_78' title='bbox 1169 1162 1235 1221; x_wconf 86' lang='lat' dir='ltr'>satis</span> 
     </span>
     <span class='ocr_line' id='line_1_9' title="bbox 169 1255 1236 1341; baseline 0 -21"><span class='ocrx_word' id='word_1_79' title='bbox 169 1260 223 1321; x_wconf 89' lang='lat' dir='ltr'>sibi</span> <span class='ocrx_word' id='word_1_80' title='bbox 241 1257 462 1341; x_wconf 75' lang='lat' dir='ltr'>respondentes,</span> <span class='ocrx_word' id='word_1_81' title='bbox 480 1274 572 1334; x_wconf 89' lang='lat' dir='ltr'>neque</span> <span class='ocrx_word' id='word_1_82' title='bbox 592 1255 708 1317; x_wconf 87' lang='lat' dir='ltr'>arctiori</span> <span class='ocrx_word' id='word_1_83' title='bbox 730 1256 845 1318; x_wconf 88' lang='lat' dir='ltr'>vinculo</span> <span class='ocrx_word' id='word_1_84' title='bbox 862 1260 989 1338; x_wconf 82' lang='lat' dir='ltr'>junctas,</span> <span class='ocrx_word' id='word_1_85' title='bbox 1004 1257 1105 1341; x_wconf 89' lang='lat' dir='ltr'>subjici</span> <span class='ocrx_word' id='word_1_86' title='bbox 1122 1279 1236 1320; x_wconf 87' lang='lat' dir='ltr'>necesse</span> 
     </span>
     <span class='ocr_line' id='line_1_10' title="bbox 169 1355 1234 1439; baseline -0.002 -18"><span class='ocrx_word' id='word_1_87' title='bbox 169 1373 223 1421; x_wconf 89' lang='lat' dir='ltr'>est.</span> <span class='ocrx_word' id='word_1_88' title='bbox 239 1360 405 1420; x_wconf 75' lang='lat' dir='ltr'>Amatorem</span> <span class='ocrx_word' id='word_1_89' title='bbox 418 1355 506 1417; x_wconf 92' lang='lat' dir='ltr'>modo</span> <span class='ocrx_word' id='word_1_90' title='bbox 525 1355 681 1437; x_wconf 81' lang='lat' dir='ltr'>supplicem</span> <span class='ocrx_word' id='word_1_91' title='bbox 698 1378 775 1429; x_wconf 90' lang='lat' dir='ltr'>esse,</span> <span class='ocrx_word' id='word_1_92' title='bbox 793 1355 881 1418; x_wconf 90' lang='lat' dir='ltr'>modo</span> <span class='ocrx_word' id='word_1_93' title='bbox 894 1358 1061 1439; x_wconf 80' lang='lat' dir='ltr'>superbire,</span> <span class='ocrx_word' id='word_1_94' title='bbox 1077 1381 1153 1419; x_wconf 90' lang='lat' dir='ltr'>nunc</span> <span class='ocrx_word' id='word_1_95' title='bbox 1165 1379 1234 1439; x_wconf 83' lang='lat' dir='ltr'>pro-</span> 
     </span>
     <span class='ocr_line' id='line_1_11' title="bbox 170 1453 1234 1534; baseline -0.002 -15"><span class='ocrx_word' id='word_1_96' title='bbox 170 1458 242 1531; x_wconf 89' lang='lat' dir='ltr'>eari,</span> <span class='ocrx_word' id='word_1_97' title='bbox 260 1455 425 1527; x_wconf 87' lang='lat' dir='ltr'>obsecrare,</span> <span class='ocrx_word' id='word_1_98' title='bbox 443 1453 531 1514; x_wconf 89' lang='lat' dir='ltr'>modo</span> <span class='ocrx_word' id='word_1_99' title='bbox 545 1456 656 1534; x_wconf 84' lang='lat' dir='ltr'>jurare,</span> <span class='ocrx_word' id='word_1_100' title='bbox 674 1456 791 1529; x_wconf 86' lang='lat' dir='ltr'>minari,</span> <span class='ocrx_word' id='word_1_101' title='bbox 809 1467 927 1529; x_wconf 86' lang='lat' dir='ltr'>tonare,</span> <span class='ocrx_word' id='word_1_102' title='bbox 944 1457 1088 1517; x_wconf 89' lang='lat' dir='ltr'>interdum</span> <span class='ocrx_word' id='word_1_103' title='bbox 1104 1457 1234 1530; x_wconf 87' lang='lat' dir='ltr'>laudare,</span> 
     </span>
     <span class='ocr_line' id='line_1_12' title="bbox 170 1552 1233 1640; baseline -0.002 -21"><span class='ocrx_word' id='word_1_104' title='bbox 170 1558 337 1640; x_wconf 85' lang='lat' dir='ltr'>objurgare,</span> <span class='ocrx_word' id='word_1_105' title='bbox 346 1554 463 1628; x_wconf 83' lang='lat' dir='ltr'>dolere,</span> <span class='ocrx_word' id='word_1_106' title='bbox 475 1552 615 1636; x_wconf 76' lang='lat' dir='ltr'>gaudere,</span> <span class='ocrx_word' id='word_1_107' title='bbox 629 1555 710 1615; x_wconf 82' lang='lat' dir='ltr'>irasci</span> <span class='ocrx_word' id='word_1_108' title='bbox 719 1555 858 1618; x_wconf 85' lang='lat' dir='ltr'>videmus·</span> <span class='ocrx_word' id='word_1_109' title='bbox 868 1559 976 1618; x_wconf 89' lang='lat' dir='ltr'>Nonne</span> <span class='ocrx_word' id='word_1_110' title='bbox 988 1580 1053 1618; x_wconf 89' lang='lat' dir='ltr'>cum</span> <span class='ocrx_word' id='word_1_111' title='bbox 1066 1557 1178 1618; x_wconf 87' lang='lat' dir='ltr'>ratione</span> <span class='ocrx_word' id='word_1_112' title='bbox 1187 1559 1233 1618; x_wconf 93' lang='lat' dir='ltr'>in·</span> 
     </span>
     <span class='ocr_line' id='line_1_13' title="bbox 170 1650 1236 1736; baseline 0 -18"><span class='ocrx_word' id='word_1_113' title='bbox 170 1657 289 1729; x_wconf 85' lang='lat' dir='ltr'>sauiret,</span> <span class='ocrx_word' id='word_1_114' title='bbox 302 1653 370 1736; x_wconf 86' lang='lat' dir='ltr'>qui,</span> <span class='ocrx_word' id='word_1_115' title='bbox 381 1651 461 1714; x_wconf 90' lang='lat' dir='ltr'>ut&#39;in</span> <span class='ocrx_word' id='word_1_116' title='bbox 471 1650 568 1712; x_wconf 81' lang='lat' dir='ltr'>sedato</span> <span class='ocrx_word' id='word_1_117' title='bbox 586 1652 721 1713; x_wconf 87' lang='lat' dir='ltr'>orationis</span> <span class='ocrx_word' id='word_1_118' title='bbox 738 1674 863 1735; x_wconf 81' lang='lat' dir='ltr'>genere,</span> <span class='ocrx_word' id='word_1_119' title='bbox 878 1654 955 1714; x_wconf 88' lang='lat' dir='ltr'>nulla</span> <span class='ocrx_word' id='word_1_120' title='bbox 970 1653 1025 1715; x_wconf 86' lang='lat' dir='ltr'>nisi</span> <span class='ocrx_word' id='word_1_121' title='bbox 1040 1667 1103 1732; x_wconf 88' lang='lat' dir='ltr'>apta</span> <span class='ocrx_word' id='word_1_122' title='bbox 1113 1667 1142 1714; x_wconf 89' lang='lat' dir='ltr'>et</span> <span class='ocrx_word' id='word_1_123' title='bbox 1159 1677 1236 1717; x_wconf 88' lang='lat' dir='ltr'>con-</span> 
     </span>
     <span class='ocr_line' id='line_1_14' title="bbox 169 1744 1235 1833; baseline -0.001 -14"><span class='ocrx_word' id='word_1_124' title='bbox 169 1779 237 1819; x_wconf 83' lang='lat' dir='ltr'>nexa</span> <span class='ocrx_word' id='word_1_125' title='bbox 248 1758 324 1816; x_wconf 88' lang='lat' dir='ltr'>inter</span> <span class='ocrx_word' id='word_1_126' title='bbox 338 1744 507 1832; x_wconf 57' lang='lat' dir='ltr'>se&#39;prolerre</span> <span class='ocrx_word' id='word_1_127' title='bbox 520 1751 625 1812; x_wconf 80' lang='lat' dir='ltr'>vellet?</span> <span class='ocrx_word' id='word_1_128' title='bbox 643 1753 741 1833; x_wconf 89' lang='lat' dir='ltr'>ltaque</span> <span class='ocrx_word' id='word_1_129' title='bbox 752 1753 847 1813; x_wconf 87' lang='lat' dir='ltr'>mirari</span> <span class='ocrx_word' id='word_1_130' title='bbox 859 1774 920 1813; x_wconf 91' lang='lat' dir='ltr'>non</span> <span class='ocrx_word' id='word_1_131' title='bbox 932 1753 1066 1816; x_wconf 85' lang='lat' dir='ltr'>debemus</span> <span class='ocrx_word' id='word_1_132' title='bbox 1077 1798 1086 1829; x_wconf 94' lang='lat'>,</span> <span class='ocrx_word' id='word_1_133' title='bbox 1098 1754 1122 1815; x_wconf 93' lang='lat' dir='ltr'>si</span> <span class='ocrx_word' id='word_1_134' title='bbox 1134 1754 1165 1815; x_wconf 90' lang='lat' dir='ltr'>in</span> <span class='ocrx_word' id='word_1_135' title='bbox 1177 1755 1235 1818; x_wconf 89' lang='lat' dir='ltr'>ele-</span> 
     </span>
     <span class='ocr_line' id='line_1_15' title="bbox 169 1850 1233 1940; baseline -0.003 -24"><span class='ocrx_word' id='word_1_136' title='bbox 169 1857 214 1940; x_wconf 77' lang='lat' dir='ltr'>gia</span> <span class='ocrx_word' id='word_1_137' title='bbox 231 1855 365 1916; x_wconf 83' lang='lat' dir='ltr'>dissidere</span> <span class='ocrx_word' id='word_1_138' title='bbox 375 1851 523 1914; x_wconf 87' lang='lat' dir='ltr'>interdum</span> <span class='ocrx_word' id='word_1_139' title='bbox 532 1850 638 1932; x_wconf 88' lang='lat' dir='ltr'>aliquid</span> <span class='ocrx_word' id='word_1_140' title='bbox 654 1861 683 1911; x_wconf 91' lang='lat' dir='ltr'>et</span> <span class='ocrx_word' id='word_1_141' title='bbox 695 1851 789 1922; x_wconf 80' lang='lat' dir='ltr'>hiare,</span> <span class='ocrx_word' id='word_1_142' title='bbox 803 1870 891 1931; x_wconf 84' lang='lat' dir='ltr'>eaque</span> <span class='ocrx_word' id='word_1_143' title='bbox 904 1871 935 1913; x_wconf 90' lang='lat' dir='ltr'>se</span> <span class='ocrx_word' id='word_1_144' title='bbox 946 1852 1075 1933; x_wconf 83' lang='lat' dir='ltr'>excipere</span> <span class='ocrx_word' id='word_1_145' title='bbox 1087 1853 1233 1925; x_wconf 87' lang='lat' dir='ltr'>videmus,</span> 
     </span>
     <span class='ocr_line' id='line_1_16' title="bbox 170 1947 1237 2035; baseline -0.003 -20"><span class='ocrx_word' id='word_1_146' title='bbox 170 1967 294 2035; x_wconf 85' lang='lat' dir='ltr'>quorum</span> <span class='ocrx_word' id='word_1_147' title='bbox 310 1973 397 2013; x_wconf 83' lang='lat' dir='ltr'>nexus</span> <span class='ocrx_word' id='word_1_148' title='bbox 414 1972 475 2013; x_wconf 89' lang='lat' dir='ltr'>uon</span> <span class='ocrx_word' id='word_1_149' title='bbox 489 1970 504 2009; x_wconf 88' lang='lat' dir='ltr'>a</span> <span class='ocrx_word' id='word_1_150' title='bbox 520 1949 617 2010; x_wconf 89' lang='lat' dir='ltr'>subtili</span> <span class='ocrx_word' id='word_1_151' title='bbox 634 1948 758 2030; x_wconf 87' lang='lat' dir='ltr'>judicio,</span> <span class='ocrx_word' id='word_1_152' title='bbox 775 1948 825 2008; x_wconf 89' lang='lat' dir='ltr'>sed</span> <span class='ocrx_word' id='word_1_153' title='bbox 838 1947 872 2007; x_wconf 91' lang='lat' dir='ltr'>ab</span> <span class='ocrx_word' id='word_1_154' title='bbox 883 1948 968 2009; x_wconf 88' lang='lat' dir='ltr'>animi</span> <span class='ocrx_word' id='word_1_155' title='bbox 981 1949 1101 2010; x_wconf 87' lang='lat' dir='ltr'>districti</span> <span class='ocrx_word' id='word_1_156' title='bbox 1115 1951 1192 2012; x_wconf 85' lang='lat' dir='ltr'>curis</span> <span class='ocrx_word' id='word_1_157' title='bbox 1208 1962 1237 2011; x_wconf 88' lang='lat' dir='ltr'>et</span> 
     </span>
     <span class='ocr_line' id='line_1_17' title="bbox 171 2043 1238 2130; baseline -0.002 -19"><span class='ocrx_word' id='word_1_158' title='bbox 171 2052 203 2111; x_wconf 91' lang='lat' dir='ltr'>in</span> <span class='ocrx_word' id='word_1_159' title='bbox 219 2049 359 2111; x_wconf 83' lang='lat' dir='ltr'>contraria</span> <span class='ocrx_word' id='word_1_160' title='bbox 373 2049 446 2130; x_wconf 85' lang='lat' dir='ltr'>rapti</span> <span class='ocrx_word' id='word_1_161' title='bbox 459 2048 567 2124; x_wconf 86' lang='lat' dir='ltr'>impetu</span> <span class='ocrx_word' id='word_1_162' title='bbox 580 2043 721 2128; x_wconf 87' lang='lat' dir='ltr'>proficisci</span> <span class='ocrx_word' id='word_1_163' title='bbox 733 2044 837 2121; x_wconf 85' lang='lat' dir='ltr'>potuit.</span> <span class='ocrx_word' id='word_1_164' title='bbox 850 2044 967 2107; x_wconf 81' lang='lat' dir='ltr'>Scilicet</span> <span class='ocrx_word' id='word_1_165' title='bbox 975 2046 1092 2108; x_wconf 89' lang='lat' dir='ltr'>amantis</span> <span class='ocrx_word' id='word_1_166' title='bbox 1101 2060 1163 2109; x_wconf 92' lang='lat' dir='ltr'>tum</span> <span class='ocrx_word' id='word_1_167' title='bbox 1174 2071 1238 2109; x_wconf 88' lang='lat' dir='ltr'>sen·</span> 
     </span>
    </p>
   </div>
   <div class='ocr_carea' id='block_1_3' title="bbox 170 2142 1237 2530">
    <p class='ocr_par' dir='ltr' id='par_1_3' title="bbox 170 2142 1237 2530">
     <span class='ocr_line' id='line_1_18' title="bbox 171 2142 1235 2230; baseline -0.003 -20"><span class='ocrx_word' id='word_1_168' title='bbox 171 2172 234 2210; x_wconf 85' lang='lat' dir='ltr'>sum</span> <span class='ocrx_word' id='word_1_169' title='bbox 250 2151 329 2230; x_wconf 88' lang='lat' dir='ltr'>qnasi</span> <span class='ocrx_word' id='word_1_170' title='bbox 342 2149 477 2222; x_wconf 89' lang='lat' dir='ltr'>induere,</span> <span class='ocrx_word' id='word_1_171' title='bbox 496 2148 556 2228; x_wconf 88' lang='lat' dir='ltr'>ejus</span> <span class='ocrx_word' id='word_1_172' title='bbox 573 2157 675 2206; x_wconf 88' lang='lat' dir='ltr'>statum</span> <span class='ocrx_word' id='word_1_173' title='bbox 690 2156 719 2203; x_wconf 88' lang='lat' dir='ltr'>et</span> <span class='ocrx_word' id='word_1_174' title='bbox 735 2142 930 2204; x_wconf 90' lang='lat' dir='ltr'>conditionem</span> <span class='ocrx_word' id='word_1_175' title='bbox 940 2142 1034 2205; x_wconf 85' lang='lat' dir='ltr'>subire</span> <span class='ocrx_word' id='word_1_176' title='bbox 1045 2157 1075 2206; x_wconf 87' lang='lat' dir='ltr'>et</span> <span class='ocrx_word' id='word_1_177' title='bbox 1090 2158 1118 2207; x_wconf 88' lang='lat' dir='ltr'>te</span> <span class='ocrx_word' id='word_1_178' title='bbox 1130 2146 1160 2206; x_wconf 93' lang='lat' dir='ltr'>in</span> <span class='ocrx_word' id='word_1_179' title='bbox 1175 2148 1235 2228; x_wconf 87' lang='lat' dir='ltr'>ejus</span> 
     </span>
     <span class='ocr_line' id='line_1_19' title="bbox 170 2244 1235 2328; baseline -0.004 -17"><span class='ocrx_word' id='word_1_180' title='bbox 170 2251 270 2313; x_wconf 90' lang='lat' dir='ltr'>locum</span> <span class='ocrx_word' id='word_1_181' title='bbox 278 2252 310 2310; x_wconf 90' lang='lat' dir='ltr'>in</span> <span class='ocrx_word' id='word_1_182' title='bbox 321 2251 414 2311; x_wconf 88' lang='lat' dir='ltr'>animo</span> <span class='ocrx_word' id='word_1_183' title='bbox 428 2261 480 2308; x_wconf 89' lang='lat' dir='ltr'>tuo</span> <span class='ocrx_word' id='word_1_184' title='bbox 493 2267 642 2328; x_wconf 77' lang='lat' dir='ltr'>surrogare</span> <span class='ocrx_word' id='word_1_185' title='bbox 654 2244 748 2304; x_wconf 87' lang='lat' dir='ltr'>debes.</span> <span class='ocrx_word' id='word_1_186' title='bbox 761 2246 836 2319; x_wconf 75' lang='lat' dir='ltr'>Quae</span> <span class='ocrx_word' id='word_1_187' title='bbox 849 2266 938 2325; x_wconf 88' lang='lat' dir='ltr'>quum</span> <span class='ocrx_word' id='word_1_188' title='bbox 951 2244 989 2306; x_wconf 85' lang='lat' dir='ltr'>ita</span> <span class='ocrx_word' id='word_1_189' title='bbox 1000 2267 1030 2307; x_wconf 90' lang='lat' dir='ltr'>se</span> <span class='ocrx_word' id='word_1_190' title='bbox 1043 2246 1162 2321; x_wconf 88' lang='lat' dir='ltr'>babere,</span> <span class='ocrx_word' id='word_1_191' title='bbox 1176 2269 1235 2308; x_wconf 91' lang='lat' dir='ltr'>non</span> 
     </span>
     <span class='ocr_line' id='line_1_20' title="bbox 172 2344 1236 2431; baseline -0.001 -22"><span class='ocrx_word' id='word_1_192' title='bbox 172 2349 227 2411; x_wconf 83' lang='lat' dir='ltr'>levi</span> <span class='ocrx_word' id='word_1_193' title='bbox 243 2347 349 2431; x_wconf 85' lang='lat' dir='ltr'>judicio</span> <span class='ocrx_word' id='word_1_194' title='bbox 368 2347 523 2422; x_wconf 84' lang='lat' dir='ltr'>adductus,</span> <span class='ocrx_word' id='word_1_195' title='bbox 536 2344 701 2421; x_wconf 86' lang='lat' dir='ltr'>arbitrarer,</span> <span class='ocrx_word' id='word_1_196' title='bbox 715 2345 807 2404; x_wconf 89' lang='lat' dir='ltr'>alieno</span> <span class='ocrx_word' id='word_1_197' title='bbox 823 2364 934 2421; x_wconf 87' lang='lat' dir='ltr'>semper</span> <span class='ocrx_word' id='word_1_198' title='bbox 949 2344 990 2404; x_wconf 88' lang='lat' dir='ltr'>sni</span> <span class='ocrx_word' id='word_1_199' title='bbox 1005 2345 1126 2407; x_wconf 88' lang='lat' dir='ltr'>animoa</span> <span class='ocrx_word' id='word_1_200' title='bbox 1143 2346 1236 2408; x_wconf 89' lang='lat' dir='ltr'>Scali-</span> 
     </span>
     <span class='ocr_line' id='line_1_21' title="bbox 171 2440 1237 2530; baseline -0.005 -23"><span class='ocrx_word' id='word_1_201' title='bbox 171 2446 282 2530; x_wconf 80' lang='lat' dir='ltr'>geranis</span> <span class='ocrx_word' id='word_1_202' title='bbox 298 2443 529 2527; x_wconf 79' lang='lat' dir='ltr'>trajectionibus,</span> <span class='ocrx_word' id='word_1_203' title='bbox 544 2463 612 2523; x_wconf 86' lang='lat' dir='ltr'>quas</span> <span class='ocrx_word' id='word_1_204' title='bbox 627 2440 825 2503; x_wconf 86' lang='lat' dir='ltr'>Broulrhusius</span> <span class='ocrx_word' id='word_1_205' title='bbox 839 2453 896 2503; x_wconf 89' lang='lat' dir='ltr'>tarn</span> <span class='ocrx_word' id='word_1_206' title='bbox 911 2441 1012 2519; x_wconf 89' lang='lat' dir='ltr'>cupide</span> <span class='ocrx_word' id='word_1_207' title='bbox 1024 2455 1068 2504; x_wconf 89' lang='lat' dir='ltr'>est</span> <span class='ocrx_word' id='word_1_208' title='bbox 1084 2445 1237 2525; x_wconf 84' lang='lat' dir='ltr'>amplexus.</span> 
     </span>
    </p>
   </div>
   <div class='ocr_carea' id='block_1_4' title="bbox 175 2540 1237 2709">
    <p class='ocr_par' dir='ltr' id='par_1_4' title="bbox 175 2540 1237 2709">
     <span class='ocr_line' id='line_1_22' title="bbox 175 2540 994 2622; baseline -0.013 -16"><span class='ocrx_word' id='word_1_209' title='bbox 175 2545 233 2607; x_wconf 89' lang='lat' dir='ltr'>Sed</span> <span class='ocrx_word' id='word_1_210' title='bbox 248 2544 390 2606; x_wconf 82' lang='lat' dir='ltr'>videamus</span> <span class='ocrx_word' id='word_1_211' title='bbox 405 2562 482 2602; x_wconf 91' lang='lat' dir='ltr'>nunc</span> <span class='ocrx_word' id='word_1_212' title='bbox 498 2540 532 2601; x_wconf 87' lang='lat' dir='ltr'>de</span> <span class='ocrx_word' id='word_1_213' title='bbox 548 2541 607 2622; x_wconf 87' lang='lat' dir='ltr'>ejus</span> <span class='ocrx_word' id='word_1_214' title='bbox 624 2541 790 2601; x_wconf 86' lang='lat' dir='ltr'>recensione</span> <span class='ocrx_word' id='word_1_215' title='bbox 804 2541 994 2601; x_wconf 84' lang='lat' dir='ltr'>accuratius.»</span> 
     </span>
     <span class='ocr_line' id='line_1_23' title="bbox 218 2628 1237 2709; baseline -0.006 -18"><span class='ocrx_word' id='word_1_216' title='bbox 218 2661 233 2691; x_wconf 77' lang='lat' dir='ltr'>a</span> <span class='ocrx_word' id='word_1_217' title='bbox 246 2635 339 2709; x_wconf 87' lang='lat' dir='ltr'>Quam</span> <span class='ocrx_word' id='word_1_218' title='bbox 349 2631 455 2695; x_wconf 79' lang='lat' dir='ltr'>infesto</span> <span class='ocrx_word' id='word_1_219' title='bbox 464 2632 509 2693; x_wconf 80' lang='lat' dir='ltr'>vir</span> <span class='ocrx_word' id='word_1_220' title='bbox 519 2651 644 2691; x_wconf 88' lang='lat' dir='ltr'>summus</span> <span class='ocrx_word' id='word_1_221' title='bbox 654 2628 741 2690; x_wconf 85' lang='lat' dir='ltr'>luerit</span> <span class='ocrx_word' id='word_1_222' title='bbox 747 2629 841 2691; x_wconf 91' lang='lat' dir='ltr'>animo</span> <span class='ocrx_word' id='word_1_223' title='bbox 849 2630 879 2690; x_wconf 94' lang='lat' dir='ltr'>in</span> <span class='ocrx_word' id='word_1_224' title='bbox 888 2631 1033 2690; x_wconf 82' lang='lat' dir='ltr'>Muretum</span> <span class='ocrx_word' id='word_1_225' title='bbox 1039 2629 1105 2691; x_wconf 89' lang='lat' dir='ltr'>satis</span> <span class='ocrx_word' id='word_1_226' title='bbox 1116 2642 1237 2691; x_wconf 89' lang='lat' dir='ltr'>constat.</span> 
     </span>
    </p>
   </div>
   <div class='ocr_carea' id='block_1_5' title="bbox 174 2828 1240 2980">
    <p class='ocr_par' dir='ltr' id='par_1_5' title="bbox 174 2828 1240 2980">
     <span class='ocr_line' id='line_1_24' title="bbox 174 2828 1240 2900; baseline -0.002 -15"><span class='ocrx_word' id='word_1_227' title='bbox 174 2833 244 2886; x_wconf 90' lang='lat' dir='ltr'>lonis</span> <span class='ocrx_word' id='word_1_228' title='bbox 257 2843 281 2884; x_wconf 91' lang='lat' dir='ltr'>et</span> <span class='ocrx_word' id='word_1_229' title='bbox 294 2830 410 2884; x_wconf 84' lang='lat' dir='ltr'>aliorum.</span> <span class='ocrx_word' id='word_1_230' title='bbox 427 2829 572 2881; x_wconf 78' lang='lat' dir='ltr'>Translatus</span> <span class='ocrx_word' id='word_1_231' title='bbox 584 2846 683 2900; x_wconf 86' lang='lat' dir='ltr'>quoque</span> <span class='ocrx_word' id='word_1_232' title='bbox 695 2828 727 2880; x_wconf 92' lang='lat' dir='ltr'>ad</span> <span class='ocrx_word' id='word_1_233' title='bbox 740 2848 825 2881; x_wconf 87' lang='lat' dir='ltr'>sensus</span> <span class='ocrx_word' id='word_1_234' title='bbox 841 2840 866 2880; x_wconf 87' lang='lat' dir='ltr'>et</span> <span class='ocrx_word' id='word_1_235' title='bbox 877 2829 978 2882; x_wconf 80' lang='lat' dir='ltr'>allectus</span> <span class='ocrx_word' id='word_1_236' title='bbox 991 2829 1071 2882; x_wconf 88' lang='lat' dir='ltr'>animi</span> <span class='ocrx_word' id='word_1_237' title='bbox 1083 2849 1169 2882; x_wconf 87' lang='lat' dir='ltr'>eorum</span> <span class='ocrx_word' id='word_1_238' title='bbox 1181 2850 1240 2884; x_wconf 89' lang='lat' dir='ltr'>usus</span> 
     </span>
     <span class='ocr_line' id='line_1_25' title="bbox 175 2909 1239 2980; baseline -0.002 -16"><span class='ocrx_word' id='word_1_239' title='bbox 175 2912 284 2964; x_wconf 91' lang='lat' dir='ltr'>multum</span> <span class='ocrx_word' id='word_1_240' title='bbox 296 2911 434 2963; x_wconf 86' lang='lat' dir='ltr'>alameutis</span> <span class='ocrx_word' id='word_1_241' title='bbox 447 2910 544 2973; x_wconf 82' lang='lat' dir='ltr'>abluit,</span> <span class='ocrx_word' id='word_1_242' title='bbox 556 2911 578 2962; x_wconf 92' lang='lat' dir='ltr'>si</span> <span class='ocrx_word' id='word_1_243' title='bbox 589 2911 716 2980; x_wconf 76' lang='lat' dir='ltr'>Tyrtaeum</span> <span class='ocrx_word' id='word_1_244' title='bbox 728 2909 884 2962; x_wconf 86' lang='lat' dir='ltr'>memineris.</span> <span class='ocrx_word' id='word_1_245' title='bbox 892 2910 933 2962; x_wconf 79' lang='lat' dir='ltr'>Ad</span> <span class='ocrx_word' id='word_1_246' title='bbox 946 2909 1073 2964; x_wconf 88' lang='lat' dir='ltr'>molliores</span> <span class='ocrx_word' id='word_1_247' title='bbox 1084 2931 1169 2966; x_wconf 89' lang='lat' dir='ltr'>sensus</span> <span class='ocrx_word' id='word_1_248' title='bbox 1181 2911 1239 2963; x_wconf 88' lang='lat' dir='ltr'>red-</span> 
     </span>
    </p>
   </div>
   <div class='ocr_carea' id='block_1_6' title="bbox 177 2992 1240 4252">
    <p class='ocr_par' dir='ltr' id='par_1_6' title="bbox 177 2992 1240 4252">
     <span class='ocr_line' id='line_1_26' title="bbox 177 2992 1239 3067; baseline -0.002 -20"><span class='ocrx_word' id='word_1_249' title='bbox 177 2995 273 3047; x_wconf 88' lang='lat' dir='ltr'>dendos</span> <span class='ocrx_word' id='word_1_250' title='bbox 285 2994 400 3046; x_wconf 86' lang='lat' dir='ltr'>adhibuit</span> <span class='ocrx_word' id='word_1_251' title='bbox 413 2994 495 3067; x_wconf 78' lang='lat' dir='ltr'>elegos</span> <span class='ocrx_word' id='word_1_252' title='bbox 510 2995 666 3059; x_wconf 86' lang='lat' dir='ltr'>Simonides,</span> <span class='ocrx_word' id='word_1_253' title='bbox 677 2993 792 3045; x_wconf 90' lang='lat' dir='ltr'>nondum</span> <span class='ocrx_word' id='word_1_254' title='bbox 804 3007 888 3045; x_wconf 88' lang='lat' dir='ltr'>tamen</span> <span class='ocrx_word' id='word_1_255' title='bbox 900 3013 991 3065; x_wconf 74' lang='lat' dir='ltr'>genere</span> <span class='ocrx_word' id='word_1_256' title='bbox 1003 2992 1087 3065; x_wconf 87' lang='lat' dir='ltr'>aliquo</span> <span class='ocrx_word' id='word_1_257' title='bbox 1099 2995 1239 3048; x_wconf 82' lang='lat' dir='ltr'>camuinum</span> 
     </span>
     <span class='ocr_line' id='line_1_27' title="bbox 178 3078 1240 3151; baseline -0.002 -19"><span class='ocrx_word' id='word_1_258' title='bbox 178 3079 313 3135; x_wconf 86' lang='lat' dir='ltr'>constituto</span> <span class='ocrx_word' id='word_1_259' title='bbox 326 3079 384 3129; x_wconf 86' lang='lat' dir='ltr'>satis</span> <span class='ocrx_word' id='word_1_260' title='bbox 398 3097 426 3129; x_wconf 90' lang='lat' dir='ltr'>ac</span> <span class='ocrx_word' id='word_1_261' title='bbox 440 3078 552 3132; x_wconf 86' lang='lat' dir='ltr'>delinito.</span> <span class='ocrx_word' id='word_1_262' title='bbox 566 3081 651 3151; x_wconf 90' lang='lat' dir='ltr'>Itaque</span> <span class='ocrx_word' id='word_1_263' title='bbox 662 3079 727 3132; x_wconf 89' lang='lat' dir='ltr'>iuter</span> <span class='ocrx_word' id='word_1_264' title='bbox 737 3078 882 3149; x_wconf 80' lang='lat' dir='ltr'>aequiorum</span> <span class='ocrx_word' id='word_1_265' title='bbox 894 3079 969 3130; x_wconf 87' lang='lat' dir='ltr'>etiam</span> <span class='ocrx_word' id='word_1_266' title='bbox 982 3091 1082 3133; x_wconf 74' lang='lat' dir='ltr'>aetatum</span> <span class='ocrx_word' id='word_1_267' title='bbox 1100 3091 1183 3151; x_wconf 87' lang='lat' dir='ltr'>poetas</span> <span class='ocrx_word' id='word_1_268' title='bbox 1195 3081 1240 3130; x_wconf 83' lang='lat' dir='ltr'>vi-</span> 
     </span>
     <span class='ocr_line' id='line_1_28' title="bbox 178 3161 1240 3236; baseline -0.003 -19"><span class='ocrx_word' id='word_1_269' title='bbox 178 3163 250 3217; x_wconf 84' lang='lat' dir='ltr'>debis</span> <span class='ocrx_word' id='word_1_270' title='bbox 262 3161 325 3214; x_wconf 87' lang='lat' dir='ltr'>alios</span> <span class='ocrx_word' id='word_1_271' title='bbox 339 3181 430 3234; x_wconf 73' lang='lat' dir='ltr'>genero</span> <span class='ocrx_word' id='word_1_272' title='bbox 442 3162 553 3233; x_wconf 77' lang='lat' dir='ltr'>elegiaco</span> <span class='ocrx_word' id='word_1_273' title='bbox 567 3185 624 3217; x_wconf 89' lang='lat' dir='ltr'>usos</span> <span class='ocrx_word' id='word_1_274' title='bbox 636 3184 703 3228; x_wconf 88' lang='lat' dir='ltr'>esse,</span> <span class='ocrx_word' id='word_1_275' title='bbox 717 3164 779 3217; x_wconf 91' lang='lat' dir='ltr'>alios</span> <span class='ocrx_word' id='word_1_276' title='bbox 791 3164 882 3236; x_wconf 74' lang='lat' dir='ltr'>elegias</span> <span class='ocrx_word' id='word_1_277' title='bbox 895 3164 1026 3235; x_wconf 85' lang='lat' dir='ltr'>scripsisse.</span> <span class='ocrx_word' id='word_1_278' title='bbox 1037 3162 1132 3214; x_wconf 90' lang='lat' dir='ltr'>Prioris</span> <span class='ocrx_word' id='word_1_279' title='bbox 1142 3165 1240 3233; x_wconf 77' lang='lat' dir='ltr'>generis</span> 
     </span>
     <span class='ocr_line' id='line_1_29' title="bbox 179 3245 1238 3321; baseline -0.002 -21"><span class='ocrx_word' id='word_1_280' title='bbox 179 3261 259 3319; x_wconf 77' lang='lat' dir='ltr'>poetae</span> <span class='ocrx_word' id='word_1_281' title='bbox 273 3245 441 3311; x_wconf 80' lang='lat' dir='ltr'>narrationes,</span> <span class='ocrx_word' id='word_1_282' title='bbox 458 3245 583 3318; x_wconf 80' lang='lat' dir='ltr'>hymnos,</span> <span class='ocrx_word' id='word_1_283' title='bbox 603 3262 628 3299; x_wconf 87' lang='lat' dir='ltr'>et</span> <span class='ocrx_word' id='word_1_284' title='bbox 643 3248 692 3300; x_wconf 89' lang='lat' dir='ltr'>alia</span> <span class='ocrx_word' id='word_1_285' title='bbox 710 3260 857 3321; x_wconf 73' lang='lat' dir='ltr'>argumenta</span> <span class='ocrx_word' id='word_1_286' title='bbox 877 3247 925 3301; x_wconf 86' lang='lat' dir='ltr'>boe</span> <span class='ocrx_word' id='word_1_287' title='bbox 939 3246 1049 3300; x_wconf 86' lang='lat' dir='ltr'>carmine</span> <span class='ocrx_word' id='word_1_288' title='bbox 1066 3246 1238 3307; x_wconf 79' lang='lat' dir='ltr'>incluserunt3</span> 
     </span>
     <span class='ocr_line' id='line_1_30' title="bbox 180 3330 1239 3405; baseline -0.001 -20"><span class='ocrx_word' id='word_1_289' title='bbox 180 3331 248 3405; x_wconf 85' lang='lat' dir='ltr'>quod</span> <span class='ocrx_word' id='word_1_290' title='bbox 260 3350 287 3384; x_wconf 82' lang='lat' dir='ltr'>se</span> <span class='ocrx_word' id='word_1_291' title='bbox 299 3330 490 3385; x_wconf 86' lang='lat' dir='ltr'>commendabat</span> <span class='ocrx_word' id='word_1_292' title='bbox 500 3330 612 3383; x_wconf 87' lang='lat' dir='ltr'>sensibus</span> <span class='ocrx_word' id='word_1_293' title='bbox 624 3351 667 3399; x_wconf 89' lang='lat' dir='ltr'>per</span> <span class='ocrx_word' id='word_1_294' title='bbox 680 3332 766 3385; x_wconf 84' lang='lat' dir='ltr'>breves</span> <span class='ocrx_word' id='word_1_295' title='bbox 778 3332 890 3404; x_wconf 85' lang='lat' dir='ltr'>strophas</span> <span class='ocrx_word' id='word_1_296' title='bbox 903 3330 975 3385; x_wconf 79' lang='lat' dir='ltr'>tacite</span> <span class='ocrx_word' id='word_1_297' title='bbox 988 3330 1124 3404; x_wconf 83' lang='lat' dir='ltr'>expeditis;</span> <span class='ocrx_word' id='word_1_298' title='bbox 1136 3331 1181 3384; x_wconf 83' lang='lat' dir='ltr'>etsi</span> <span class='ocrx_word' id='word_1_299' title='bbox 1194 3351 1239 3384; x_wconf 90' lang='lat' dir='ltr'>nec</span> 
     </span>
     <span class='ocr_line' id='line_1_31' title="bbox 181 3414 1238 3489; baseline -0.002 -20"><span class='ocrx_word' id='word_1_300' title='bbox 181 3419 213 3474; x_wconf 87' lang='lat' dir='ltr'>de</span> <span class='ocrx_word' id='word_1_301' title='bbox 226 3415 323 3469; x_wconf 76' lang='lat' dir='ltr'>coeatis</span> <span class='ocrx_word' id='word_1_302' title='bbox 334 3414 438 3467; x_wconf 86' lang='lat' dir='ltr'>solliciti</span> <span class='ocrx_word' id='word_1_303' title='bbox 450 3428 534 3480; x_wconf 85' lang='lat' dir='ltr'>erant,</span> <span class='ocrx_word' id='word_1_304' title='bbox 548 3428 576 3467; x_wconf 91' lang='lat' dir='ltr'>nt</span> <span class='ocrx_word' id='word_1_305' title='bbox 589 3415 738 3467; x_wconf 86' lang='lat' dir='ltr'>sententiam</span> <span class='ocrx_word' id='word_1_306' title='bbox 749 3416 864 3489; x_wconf 82' lang='lat' dir='ltr'>stropha,</span> <span class='ocrx_word' id='word_1_307' title='bbox 876 3436 920 3469; x_wconf 89' lang='lat' dir='ltr'>seu</span> <span class='ocrx_word' id='word_1_308' title='bbox 929 3415 996 3468; x_wconf 84' lang='lat' dir='ltr'>binis</span> <span class='ocrx_word' id='word_1_309' title='bbox 1008 3414 1119 3469; x_wconf 80' lang='lat' dir='ltr'>versibus</span> <span class='ocrx_word' id='word_1_310' title='bbox 1129 3414 1238 3468; x_wconf 80' lang='lat' dir='ltr'>linirent</span> 
     </span>
     <span class='ocr_line' id='line_1_32' title="bbox 182 3499 1238 3579; baseline -0.001 -28"><span class='ocrx_word' id='word_1_311' title='bbox 182 3502 281 3553; x_wconf 86' lang='lat' dir='ltr'>Verum</span> <span class='ocrx_word' id='word_1_312' title='bbox 294 3511 344 3552; x_wconf 86' lang='lat' dir='ltr'>arte</span> <span class='ocrx_word' id='word_1_313' title='bbox 358 3499 454 3572; x_wconf 86' lang='lat' dir='ltr'>poetica</span> <span class='ocrx_word' id='word_1_314' title='bbox 466 3499 545 3571; x_wconf 81' lang='lat' dir='ltr'>magis</span> <span class='ocrx_word' id='word_1_315' title='bbox 559 3499 665 3572; x_wconf 81' lang='lat' dir='ltr'>expolita</span> <span class='ocrx_word' id='word_1_316' title='bbox 681 3511 704 3550; x_wconf 89' lang='lat' dir='ltr'>et</span> <span class='ocrx_word' id='word_1_317' title='bbox 716 3500 833 3551; x_wconf 87' lang='lat' dir='ltr'>carminis</span> <span class='ocrx_word' id='word_1_318' title='bbox 850 3521 941 3573; x_wconf 74' lang='lat' dir='ltr'>genere</span> <span class='ocrx_word' id='word_1_319' title='bbox 956 3500 1041 3571; x_wconf 85' lang='lat' dir='ltr'>aliquo</span> <span class='ocrx_word' id='word_1_320' title='bbox 1059 3520 1087 3579; x_wconf 64' lang='lat' dir='ltr'>ep</span> <span class='ocrx_word' id='word_1_321' title='bbox 1101 3500 1238 3572; x_wconf 74' lang='lat' dir='ltr'>argumenti</span> 
     </span>
     <span class='ocr_line' id='line_1_33' title="bbox 181 3582 1237 3650; baseline -0.006 -10"><span class='ocrx_word' id='word_1_322' title='bbox 181 3585 268 3640; x_wconf 88' lang='lat' dir='ltr'>indole</span> <span class='ocrx_word' id='word_1_323' title='bbox 281 3597 305 3636; x_wconf 87' lang='lat' dir='ltr'>et</span> <span class='ocrx_word' id='word_1_324' title='bbox 316 3584 467 3636; x_wconf 84' lang='lat' dir='ltr'>tractationis</span> <span class='ocrx_word' id='word_1_325' title='bbox 478 3595 567 3635; x_wconf 87' lang='lat' dir='ltr'>natura</span> <span class='ocrx_word' id='word_1_326' title='bbox 579 3582 714 3635; x_wconf 86' lang='lat' dir='ltr'>accuratius</span> <span class='ocrx_word' id='word_1_327' title='bbox 726 3584 859 3636; x_wconf 87' lang='lat' dir='ltr'>constituto</span> <span class='ocrx_word' id='word_1_328' title='bbox 871 3584 1025 3637; x_wconf 85' lang='lat' dir='ltr'>intellectum</span> <span class='ocrx_word' id='word_1_329' title='bbox 1037 3596 1090 3650; x_wconf 86' lang='lat' dir='ltr'>est,</span> <span class='ocrx_word' id='word_1_330' title='bbox 1107 3584 1187 3635; x_wconf 86' lang='lat' dir='ltr'>animi</span> <span class='ocrx_word' id='word_1_331' title='bbox 1201 3584 1237 3634; x_wconf 82' lang='lat' dir='ltr'>al&#39;-</span> 
     </span>
     <span class='ocr_line' id='line_1_34' title="bbox 182 3667 1236 3741; baseline -0.004 -18"><span class='ocrx_word' id='word_1_332' title='bbox 182 3674 261 3724; x_wconf 72' lang='lat' dir='ltr'>lectus</span> <span class='ocrx_word' id='word_1_333' title='bbox 273 3668 401 3720; x_wconf 90' lang='lat' dir='ltr'>molliores</span> <span class='ocrx_word' id='word_1_334' title='bbox 416 3682 535 3739; x_wconf 86' lang='lat' dir='ltr'>tanquam</span> <span class='ocrx_word' id='word_1_335' title='bbox 548 3668 676 3720; x_wconf 87' lang='lat' dir='ltr'>materiem</span> <span class='ocrx_word' id='word_1_336' title='bbox 689 3668 814 3741; x_wconf 88' lang='lat' dir='ltr'>propriam</span> <span class='ocrx_word' id='word_1_337' title='bbox 828 3667 950 3741; x_wconf 86' lang='lat' dir='ltr'>subjectos</span> <span class='ocrx_word' id='word_1_338' title='bbox 963 3667 1049 3741; x_wconf 77' lang='lat' dir='ltr'>elegiae</span> <span class='ocrx_word' id='word_1_339' title='bbox 1063 3688 1130 3736; x_wconf 86' lang='lat' dir='ltr'>esse,</span> <span class='ocrx_word' id='word_1_340' title='bbox 1152 3669 1180 3719; x_wconf 92' lang='lat' dir='ltr'>in</span> <span class='ocrx_word' id='word_1_341' title='bbox 1194 3687 1236 3737; x_wconf 79' lang='lat' dir='ltr'>qua</span> 
     </span>
     <span class='ocr_line' id='line_1_35' title="bbox 183 3750 1233 3823; baseline -0.001 -18"><span class='ocrx_word' id='word_1_342' title='bbox 183 3754 223 3805; x_wconf 90' lang='lat' dir='ltr'>illi</span> <span class='ocrx_word' id='word_1_343' title='bbox 239 3751 389 3803; x_wconf 84' lang='lat' dir='ltr'>versandum</span> <span class='ocrx_word' id='word_1_344' title='bbox 409 3765 478 3804; x_wconf 88' lang='lat' dir='ltr'>esset.</span> <span class='ocrx_word' id='word_1_345' title='bbox 500 3752 555 3803; x_wconf 88' lang='lat' dir='ltr'>Nec</span> <span class='ocrx_word' id='word_1_346' title='bbox 572 3764 656 3803; x_wconf 86' lang='lat' dir='ltr'>tamen</span> <span class='ocrx_word' id='word_1_347' title='bbox 676 3752 741 3803; x_wconf 92' lang='lat' dir='ltr'>intra</span> <span class='ocrx_word' id='word_1_348' title='bbox 755 3753 807 3823; x_wconf 70' lang='lat' dir='ltr'>ejus</span> <span class='ocrx_word' id='word_1_349' title='bbox 821 3750 884 3804; x_wconf 82' lang='lat' dir='ltr'>lines</span> <span class='ocrx_word' id='word_1_350' title='bbox 899 3753 1005 3806; x_wconf 88' lang='lat' dir='ltr'>omnino</span> <span class='ocrx_word' id='word_1_351' title='bbox 1022 3773 1049 3807; x_wconf 86' lang='lat' dir='ltr'>se</span> <span class='ocrx_word' id='word_1_352' title='bbox 1066 3753 1233 3807; x_wconf 86' lang='lat' dir='ltr'>continuerun</span> 
     </span>
     <span class='ocr_line' id='line_1_36' title="bbox 184 3835 1230 3914; baseline -0.001 -24"><span class='ocrx_word' id='word_1_353' title='bbox 184 3838 308 3914; x_wconf 86' lang='lat' dir='ltr'>principes</span> <span class='ocrx_word' id='word_1_354' title='bbox 322 3837 438 3889; x_wconf 87' lang='lat' dir='ltr'>carminis</span> <span class='ocrx_word' id='word_1_355' title='bbox 448 3849 575 3902; x_wconf 85' lang='lat' dir='ltr'>auctores,</span> <span class='ocrx_word' id='word_1_356' title='bbox 588 3835 714 3902; x_wconf 75' lang='lat' dir='ltr'>Gallinas,</span> <span class='ocrx_word' id='word_1_357' title='bbox 727 3837 912 3904; x_wconf 84' lang='lat' dir='ltr'>Mimnermus,</span> <span class='ocrx_word' id='word_1_358' title='bbox 925 3837 1049 3904; x_wconf 83' lang='lat' dir='ltr'>Philetas,</span> <span class='ocrx_word' id='word_1_359' title='bbox 1063 3837 1230 3890; x_wconf 84' lang='lat' dir='ltr'>Callimachus</span> 
     </span>
     <span class='ocr_line' id='line_1_37' title="bbox 185 3920 1234 3996; baseline -0.005 -20"><span class='ocrx_word' id='word_1_360' title='bbox 185 3935 310 3996; x_wconf 87' lang='lat' dir='ltr'>qnantum</span> <span class='ocrx_word' id='word_1_361' title='bbox 327 3942 356 3972; x_wconf 87' lang='lat' dir='ltr'>ex</span> <span class='ocrx_word' id='word_1_362' title='bbox 376 3920 521 3993; x_wconf 77' lang='lat' dir='ltr'>fragmentis</span> <span class='ocrx_word' id='word_1_363' title='bbox 538 3934 563 3971; x_wconf 92' lang='lat' dir='ltr'>et</span> <span class='ocrx_word' id='word_1_364' title='bbox 575 3920 747 3974; x_wconf 73' lang='lat' dir='ltr'>emulantium</span> <span class='ocrx_word' id='word_1_365' title='bbox 765 3941 806 3974; x_wconf 87' lang='lat' dir='ltr'>eos</span> <span class='ocrx_word' id='word_1_366' title='bbox 822 3937 952 3995; x_wconf 85' lang='lat' dir='ltr'>poetarum</span> <span class='ocrx_word' id='word_1_367' title='bbox 967 3924 1139 3977; x_wconf 80' lang='lat' dir='ltr'>Romanorum</span> <span class='ocrx_word' id='word_1_368' title='bbox 1155 3923 1234 3975; x_wconf 87' lang='lat' dir='ltr'>studii</span> 
     </span>
     <span class='ocr_line' id='line_1_38' title="bbox 186 4006 1234 4080; baseline -0.007 -17"><span class='ocrx_word' id='word_1_369' title='bbox 186 4008 352 4080; x_wconf 73' lang='lat' dir='ltr'>intelligitur3</span> <span class='ocrx_word' id='word_1_370' title='bbox 370 4006 404 4058; x_wconf 87' lang='lat' dir='ltr'>ita</span> <span class='ocrx_word' id='word_1_371' title='bbox 417 4018 445 4057; x_wconf 87' lang='lat' dir='ltr'>ut</span> <span class='ocrx_word' id='word_1_372' title='bbox 460 4006 565 4057; x_wconf 85' lang='lat' dir='ltr'>omnino</span> <span class='ocrx_word' id='word_1_373' title='bbox 580 4010 631 4058; x_wconf 83' lang='lat' dir='ltr'>duo</span> <span class='ocrx_word' id='word_1_374' title='bbox 646 4007 712 4059; x_wconf 87' lang='lat' dir='ltr'>inter</span> <span class='ocrx_word' id='word_1_375' title='bbox 728 4027 753 4058; x_wconf 88' lang='lat' dir='ltr'>se</span> <span class='ocrx_word' id='word_1_376' title='bbox 768 4007 865 4060; x_wconf 85' lang='lat' dir='ltr'>diversa</span> <span class='ocrx_word' id='word_1_377' title='bbox 879 4013 1024 4062; x_wconf 77' lang='lat' dir='ltr'>cuminum</span> <span class='ocrx_word' id='word_1_378' title='bbox 1038 4028 1130 4079; x_wconf 66' lang='lat' dir='ltr'>genera</span> <span class='ocrx_word' id='word_1_379' title='bbox 1148 4006 1234 4061; x_wconf 86' lang='lat' dir='ltr'>consti·</span> 
     </span>
     <span class='ocr_line' id='line_1_39' title="bbox 186 4091 1233 4164; baseline -0.008 -15"><span class='ocrx_word' id='word_1_380' title='bbox 186 4093 282 4150; x_wconf 88' lang='lat' dir='ltr'>tuenda</span> <span class='ocrx_word' id='word_1_381' title='bbox 293 4111 344 4144; x_wconf 85' lang='lat' dir='ltr'>esse</span> <span class='ocrx_word' id='word_1_382' title='bbox 351 4091 496 4156; x_wconf 79' lang='lat' dir='ltr'>rideantur,</span> <span class='ocrx_word' id='word_1_383' title='bbox 507 4093 583 4143; x_wconf 83' lang='lat' dir='ltr'>uliud</span> <span class='ocrx_word' id='word_1_384' title='bbox 593 4110 671 4164; x_wconf 76' lang='lat' dir='ltr'>genus</span> <span class='ocrx_word' id='word_1_385' title='bbox 682 4091 834 4163; x_wconf 81' lang='lat' dir='ltr'>elegiacum,</span> <span class='ocrx_word' id='word_1_386' title='bbox 845 4105 946 4145; x_wconf 84' lang='lat' dir='ltr'>esterno</span> <span class='ocrx_word' id='word_1_387' title='bbox 956 4093 1044 4147; x_wconf 89' lang='lat' dir='ltr'>habitu</span> <span class='ocrx_word' id='word_1_388' title='bbox 1056 4108 1080 4147; x_wconf 89' lang='lat' dir='ltr'>et</span> <span class='ocrx_word' id='word_1_389' title='bbox 1088 4092 1233 4164; x_wconf 80' lang='lat' dir='ltr'>stropharum</span> 
     </span>
     <span class='ocr_line' id='line_1_40' title="bbox 187 4176 1232 4252; baseline -0.002 -21"><span class='ocrx_word' id='word_1_390' title='bbox 187 4179 308 4233; x_wconf 80' lang='lat' dir='ltr'>breuitate</span> <span class='ocrx_word' id='word_1_391' title='bbox 320 4178 353 4231; x_wconf 89' lang='lat' dir='ltr'>ad</span> <span class='ocrx_word' id='word_1_392' title='bbox 364 4176 461 4232; x_wconf 68' lang='lat' dir='ltr'>diversa</span> <span class='ocrx_word' id='word_1_393' title='bbox 474 4189 619 4249; x_wconf 72' lang='lat' dir='ltr'>argmueuta</span> <span class='ocrx_word' id='word_1_394' title='bbox 636 4176 747 4229; x_wconf 83' lang='lat' dir='ltr'>adbibita</span> <span class='ocrx_word' id='word_1_395' title='bbox 758 4176 881 4244; x_wconf 77' lang='lat' dir='ltr'>notabile,</span> <span class='ocrx_word' id='word_1_396' title='bbox 895 4181 951 4232; x_wconf 81' lang='lat' dir='ltr'>ols&#39;u</span> <span class='ocrx_word' id='word_1_397' title='bbox 966 4180 1046 4252; x_wconf 76' lang='lat' dir='ltr'>elegia</span> <span class='ocrx_word' id='word_1_398' title='bbox 1059 4177 1155 4251; x_wconf 85' lang='lat' dir='ltr'>proprie</span> <span class='ocrx_word' id='word_1_399' title='bbox 1170 4176 1232 4229; x_wconf 83' lang='lat' dir='ltr'>dicta</span> 
     </span>
    </p>
   </div>
   <div class='ocr_carea' id='block_1_7' title="bbox 0 0 1435 4996">
    <p class='ocr_par' dir='ltr' id='par_1_7' title="bbox 0 0 1435 4996">
     <span class='ocr_line' id='line_1_41' title="bbox 0 0 1435 4996; baseline 0 0"><span class='ocrx_word' id='word_1_400' title='bbox 0 0 1435 4996; x_wconf 95' lang='lat' dir='ltr'> </span> 
     </span>
    </p>
   </div>
  </div>
 </body>
</html>
