2806 5002
163 366 238 448 xusj
543 362 603 421 ns
635 360 833 422 risuum

163 498 272 557 dianam
293 495 491 575 pertinentem.
516 494 606 569 Quod
627 494 794 555 confirmare
816 492 899 553 etiam
921 515 1039 571 possum
1061 507 1226 577 argumente

162 595 310 674 probabili.
332 599 406 657 Nam
416 593 613 667 Marklandus,
629 592 745 654 criticus
762 590 1018 674 Cantabrigiensis,
1037 591 1073 653 acl
1088 594 1224 672 Properti

166 696 226 767 lv,
245 713 273 770 1,
292 716 338 779 79.

328 825 370 876 llle
383 824 574 895 creatllrcbytae
588 823 684 875 soboles
696 821 854 891 Babylonius
863 820 966 873 Herus:

166 943 208 1001 lta
224 941 322 1003 scribit
335 943 409 1020 apud
426 945 641 1003 Burmannum:
663 940 750 1001 «Diu
759 951 802 1001 est
817 939 896 1021 quod
908 940 966 1001 vidi
980 938 1135 1022 legendum
1146 959 1221 1000 esse⁴

164 1042 282 1116 Horou,
310 1063 344 1103 ex
368 1063 463 1102 sensu.
490 1042 583 1101 Holus
605 1038 772 1122 babylonius
789 1038 893 1101 creavit
915 1061 960 1100 me
976 1040 1095 1111 Horon,
1121 1037 1151 1099 id
1166 1050 1220 1100 eut¹

154 1140 253 1220 filium
269 1165 368 1216 suum,
391 1156 420 1202 et
437 1141 563 1222 ejusdem
579 1141 704 1203 nominis
718 1163 727 1212 ς
756 1163 819 1200 surn
835 1140 928 1200 Horos
949 1140 987 1198 ub
1004 1140 1100 1211 llum,
1120 1140 1220 1202 confir

164 1255 222 1302 mat
236 1244 326 1305 codex
339 1241 493 1315 d'Orvilli,
511 1255 540 1303 et
557 1242 645 1323 prima
660 1242 705 1303 ed.
721 1263 767 1302 an.
785 1239 872 1318 1472.
886 1267 900 1295 u
915 1242 1026 1301 Rursus
1041 1263 1104 1302 nou
1120 1239 1221 1301 intelli·

164 1342 256 1423 gendo
273 1353 317 1403 est
331 1342 440 1401 Veneta
461 1341 592 1422 princeps
608 1363 653 1400 an.
674 1338 761 1422 ¹47²·
782 1343 853 1402 Hoec
868 1342 946 1401 enim
960 1339 1043 1400 babet
1064 1340 1164 1424 Orops.
1189 1339 1221 1400 At

163 1440 349 1522 intelligenda
362 1452 405 1501 est
423 1440 511 1502 editio
525 1440 691 1521 Propertii,
708 1462 753 1499 an.
778 1441 873 1521 1472,
892 1439 928 1499 de
943 1461 997 1521 qua
1010 1461 1101 1520 quum
1115 1438 1222 1500 maxiuu

164 1538 295 1621 agimus,
318 1538 364 1600 cui
377 1539 407 1598 in
425 1537 559 1616 exemplis
575 1538 792 1600 Audilfretliano
810 1550 838 1596 et
856 1537 1009 1598 Parisiensi
1025 1537 1174 1619 adjunctus
1190 1558 1222 1598 es·

167 1638 308 1699 Tibullus.
330 1641 402 1700 lloec
422 1637 498 1717 enim
521 1637 605 1699 babet
620 1638 728 1698 Horon.
747 1638 829 1718 Ergo
850 1635 1040 1719 cantabrigia
1054 1639 1214 1718 exemplum

167 1737 246 1817 quod
262 1738 434 1817 quaerimus,
450 1750 557 1799 exstare
571 1738 700 1809 videtur,
716 1738 814 1797 sinon
830 1736 972 1817 integrum
988 1735 1113 1810 Catulli,
1125 1736 1222 1797 Tibull

166 1847 197 1896 et
222 1837 385 1912 Propertii,
415 1849 443 1895 at
468 1849 563 1897 tamen
590 1837 694 1896 Catulli
717 1847 746 1894 ct
770 1835 935 1916 Propertii,
964 1858 1086 1917 quorum
1113 1836 1225 1897 alterun

166 1935 337 2010 comparavit
354 1935 503 2008 Matlcius,
523 1938 642 1996 alterum
660 1934 849 1994 Marklandus.
875 1934 940 1995 Nisi
959 1935 1034 1997 sorte
1053 1935 1225 1996 lllarklaneltu

166 2033 347 2114 Propertium
365 2035 451 2115 liujus
467 2035 531 2093 anni
547 2034 658 2097 aliunde
670 2045 816 2114 acceptum
826 2033 932 2094 babuit.
945 2034 1032 2094 Certe
1047 2035 1131 2095 etiam
1149 2035 1180 2095 in
1192 2032 1226 2093 bi·

166 2130 309 2195 bliotbeca
320 2134 484 2194 Askesviana
496 2135 604 2210 (Loud.
622 2132 733 2216 1775),
746 2133 894 2193 laudantur
906 2157 913 2191 :
926 2134 1035 2194 Tibulli
1047 2145 1077 2193 et
1088 2133 1227 2216 Propertii

168 2233 284 2311 Opera,
306 2230 402 2315 1472,
418 2232 517 2305 in-40,
536 2233 614 2313 quotl
633 2232 772 2310 exemplar
784 2234 948 2293 translatum
965 2246 1010 2294 est
1027 2245 1228 2310 postmortem

168 2329 291 2390 Antonii
308 2330 431 2392 Aslewii
445 2333 474 2391 in
489 2331 694 2393 Bibliotbeeam
711 2332 814 2392 llluseii
828 2333 993 2394 Britannici.
1010 2334 1067 2393 Sed
1084 2332 1119 2394 cle
1136 2333 1189 2392 bae
1204 2354 1229 2393 rr

168 2428 292 2490 viderint
308 2430 453 2512 Pliilologi
475 2430 729 2514 Cantabrigienses.
754 2431 861 2492 Habuit
877 2433 1023 2493 Catullum
1039 2432 1100 2493 siue
1123 2431 1192 2493 loco
1207 2446 1230 2493 et

122 2560 125 2567 1
168 2551 245 2590 anno
260 2531 532 2611 Murtyni-Laguuu
555 2532 605 2607 (Α.
619 2524 678 2591 Lz'.
694 2555 739 2592 an.
759 2554 854 2616 1790,
873 2556 900 2614 p.
919 2531 1012 2609 650),
1036 2532 1086 2594 sed
1103 2534 1231 2614 majoris,

171 2650 230 2691 non
246 2632 365 2693 minoris
382 2631 500 2704 lormae,
518 2631 637 2693 fortasse
651 2634 850 2708 Parmensem,
868 2655 913 2693 an.
934 2630 1019 2713 147&

388 2817 448 2888 lV.
476 2812 585 2889 Editio
602 2845 656 2888 an.
681 2818 788 2914 1472,
807 2816 909 2906 irs-40.
928 2821 1002 2907 nraj.

211 2946 273 3003 val.
291 2948 395 3009 Catulli
412 2952 587 3014 Veronensis
611 2953 708 3013 Poeta¹
732 2951 777 3013 Cl.
794 2949 858 3009 Lib.
876 2948 955 3008 Albii
978 2948 1096 3009 Tibulli.
1115 2971 1160 3031 eq·
1178 2949 1234 3011 Ro.

170 3046 268 3105 Poetse
285 3049 330 3107 (ΣΙ.
349 3050 429 3110 Libri
446 3052 524 3132 (lv).
543 3054 686 3133 Propertii
700 3054 805 3114 Umbri
820 3054 932 3113 bleuani
947 3050 1140 3135 clegiograpbi
1155 3050 1235 3112 Libri

170 3145 251 3220 (IV).
268 3148 300 3206 P.
317 3148 427 3228 Papinii
443 3152 526 3212 Statii
540 3153 653 3212 Surculi
670 3153 816 3235 Syluarunr
833 3151 913 3212 Libri
930 3154 993 3230 (V).

213 3247 247 3304 ln
264 3257 385 3308 extrema
401 3249 500 3330 pagina
516 3263 629 3329 poetae,
654 3254 703 3332 qui
719 3252 777 3313 boc
791 3251 936 3314 volumine
958 3250 1166 3327 continentur,
1190 3251 1236 3310 di·

170 3364 253 3405 verso
270 3346 370 3407 ordine
386 3360 571 3408 recensentur
588 3370 595 3405 :

333 3478 442 3537 Tabula
459 3480 591 3539 librorum
603 3482 651 3561 qui
665 3482 775 3539 suntin
789 3483 916 3560 presenti
930 3482 1079 3539 uolumine.

269 3597 372 3657 Albius
388 3598 520 3659 Tibullus
534 3599 640 3682 elegiae
655 3599 786 3680 Scriptor
803 3599 939 3676 optimus.

269 3695 403 3757 Aurelius
419 3698 585 3780 Propertius
602 3700 743 3759 Bruanus.

272 3794 426 3856 Clarissimi
442 3811 527 3874 poete
543 3797 648 3857 Catulli
664 3798 817 3859 Veronesis
832 3798 989 3881 Epigrama.

271 3891 343 3954 Pub.
359 3895 502 3971 Papinius.
519 3896 624 3957 Statius
640 3897 801 3978 Syluarurn.

454 3994 746 4057 ttccecuxxlt.

209 4122 281 4183 llaec
295 4119 371 4180 enim
385 4132 429 4180 est
444 4118 533 4179 editio
550 4118 618 4194 illa,
637 4122 718 4202 ctu‘us
733 4120 864 4193 collatio,
880 4119 994 4181 Parisiis
1009 4121 1102 4194 iacta,
1119 4122 1243 4184 debetur

167 4219 312 4307 Bardilio,
331 4221 393 4284 viro
410 4217 613 4283 eruditissimo.
630 4218 757 4283 Confusa
773 4231 817 4283 est
829 4218 864 4283 ab
881 4219 996 4304 Heynio
1012 4243 1079 4284 cum
1095 4220 1149 4295 iis,
1168 4243 1241 4305 quas
