2806 5002
279 473 370 535 imo
555 540 560 553 q
669 460 733 530 nn'
755 466 951 532 rmunnr

278 615 407 667 accurate
423 601 572 675 recensiti,
590 600 693 681 quibus
707 600 848 682 adjectum
865 611 908 660 est
923 598 1109 680 Pervigilium
1123 599 1259 662 Veneris.
1275 600 1350 659 Got-

278 704 364 781 tiugoe
375 725 412 762 eo
427 699 502 780 offic
518 700 611 761 Acod·
626 699 657 760 A
671 718 730 760 von
746 700 801 758 deu
814 697 923 759 Horeb.
943 697 1018 780 1741
1034 711 1064 760 et
1082 698 1180 783 1762,
1197 701 1302 762 in·12.

319 809 467 879 Catullus,
491 806 644 879 Tibullus,
660 804 848 887 Propertius,
863 807 984 882 pristino
1001 805 1090 867 nitori
1106 806 1252 881 restituti,
1270 808 1350 869 etad

276 908 381 988 optima
395 906 560 984 exemplaria
575 903 725 966 emendati.
742 903 814 963 Ace.
827 901 983 984 fragmenta
998 904 1090 964 Corn.
1102 904 1190 966 Gallo
1201 904 1349 986 inscripta.

276 1005 365 1083 Lrgd.
383 1006 486 1066 Βαίου.
504 1005 610 1082 (Paris.
628 1003 802 1078 Cousteb'er)
812 1047 822 1074 ‚
845 999 941 1085 1743,
960 1002 1060 1062 iu-rs.

316 1104 366 1165 Ad
383 1105 588 1186 Scaligeranam
605 1101 801 1164 recensionem
813 1123 914 1164 excusa
926 1116 987 1176 est;
1009 1102 1064 1166 ctsi
1078 1105 1192 1166 solenni
1205 1107 1351 1187 jactantiae

277 1224 357 1267 more
371 1204 406 1266 ad
421 1204 529 1286 optima
544 1202 710 1284 exemplaria
726 1203 865 1264 emendati
879 1216 974 1282 poetis
990 1204 1020 1264 iu
1035 1205 1131 1267 frome
1147 1206 1351 1283 praedicantur.

300 1366 302 1379 ,
317 1308 420 1370 Albius
435 1308 584 1381 Tibullus,
603 1310 699 1390 Eques
716 1311 880 1382 Romamn,
898 1308 972 1369 etin
989 1332 1054 1373 eum
1065 1314 1116 1372 Jo.
1131 1311 1204 1371 Ant.
1221 1313 1349 1395 Vulpii,

277 1409 424 1492 Philologi
434 1431 466 1471 ac
480 1410 618 1473 Rhetoris
629 1411 663 1471 in
676 1411 834 1493 Gymnasio
849 1411 1005 1483 Patavino‚
1020 1432 1114 1475 novus
1127 1414 1350 1474 commentarius

277 1508 520 1591 diligentissimus.
536 1510 706 1570 Excudedot
718 1509 780 1570 Jos.
798 1511 932 1572 Cominus
940 1556 950 1585 ,
970 1511 1101 1587 Pacuvii,
1123 1515 1220 1596 1749,
1234 1514 1330 1589 in-d·.

318 1609 412 1668 Etiam
424 1609 458 1669 de
469 1611 521 1670 hac
531 1609 657 1671 editione
667 1610 741 1671 inter
754 1611 881 1692 potiores
893 1608 996 1671 merito
1008 1611 1135 1672 habenda
1145 1633 1231 1695 supra
1240 1613 1350 1677 uictu

277 1717 330 1768 est.
342 1707 412 1767 Non
424 1708 653 1769 commemorabo
666 1707 731 1768 alias
748 1708 922 1769 recentiores
938 1729 971 1768 er
985 1709 1179 1787 superioribus
1196 1710 1350 1793 repetitas,

278 1804 332 1864 etsi
348 1805 442 1867 nitore
458 1806 533 1868 forte
549 1820 577 1867 et
592 1830 657 1868 cura
671 1805 875 1891 typographica
886 1807 1040 1878 notabiles,
1052 1807 1141 1889 qualis
1154 1807 1349 1869 Londiuensis

279 1915 323 1962 est
348 1901 447 1986 1749,
473 1903 547 1986 apud
566 1905 613 1966 Jo.
628 1906 781 1986 Brindley,
806 1904 970 1967 Parisiensis
991 1904 1088 1990 1754,
1114 1907 1188 1984 apud
1212 1907 1348 1977 Batou,

279 1999 465 2085 Glasgnensis
490 2004 600 2064 Tibulli
616 2016 645 2065 et
666 2004 809 2084 Propertii
835 2000 931 2087 1753,
949 2001 1054 2079 tir-8⁰,
1082 2026 1116 2066 ex
1131 2002 1350 2065 Broukbusiana

278 2117 425 2180 expressa,
450 2100 733 2186 llirmiugbamieusis
754 2102 827 2187 typis
848 2102 1064 2185 elegantissimis
1088 2102 1134 2162 Jo.
1154 2099 1348 2171 Baotemitte,

282 2221 368 2282 ¹7⁷²·
382 2201 513 2262 Accessit
522 2202 556 2262 iis
567 2203 656 2264 editio
668 2203 839 2281 splendore,
852 2203 990 2287 elegantia
1000 2216 1029 2264 et
1042 2201 1204 2286 diligentia,
1219 2200 1349 2271 Parme,

280 2311 375 2359 curata
384 2321 400 2359 a
410 2299 565 2362 Bodouio:
580 2301 703 2375 Catulli,
723 2303 845 2374 Tibulli,
860 2304 1001 2383 Propertii
1012 2323 1114 2384 opero,
1131 2300 1228 2386 1794,
1245 2296 1347 2359 in-fol.

279 2398 342 2476 maj.
359 2396 476 2457 Praeluit
496 2397 522 2457 ei
539 2398 582 2457 vir
605 2399 722 2470 doctus,
742 2400 772 2455 in
789 2395 906 2457 Tibullo
921 2399 1039 2456 maxime
1057 2396 1232 2479 Heynianam
1248 2414 1345 2456 recen-

145 2512 153 2522 “
280 2494 390 2558 sionem
404 2510 550 2579 sequutus.

322 2594 400 2652 sins
417 2594 526 2653 risum
541 2594 663 2655 earmina
680 2616 687 2650 2
707 2591 787 2653 ntus
807 2606 866 2654 oss
880 2615 944 2653 eum
961 2570 1035 2653 tius
1055 2602 1156 2673 quarto
1173 2587 1342 2666 sulpiciae

279 2690 400 2752 aliorum
418 2691 500 2754 novis
519 2694 594 2752 curis
611 2690 756 2774 castigavit
770 2692 823 2752 Gt.
842 2692 878 2751 G.
897 2691 1012 2770 Ηεγιιε,
1032 2690 1156 2770 Lipsio,
1178 2683 1268 2770 1755.

322 2788 464 2865 Quartum
475 2787 703 2849 librumTibullo
715 2787 854 2870 abjudicat
865 2787 966 2848 doctus
977 2786 1020 2847 vir
1029 2829 1038 2860 ,
1048 2785 1097 2867 qni
1109 2796 1203 2844 tamen
1215 2780 1338 2842 multisii

280 2890 351 2950 locis
368 2890 402 2949 de
417 2902 501 2967 poeta
513 2889 622 2971 optime
636 2888 753 2949 meritus
767 2909 870 2949 novam
883 2908 999 2969 prorsus
1015 2883 1174 2947 editionum
1187 2883 1293 2970 seriem
1303 2882 1334 2941 in

282 2987 404 3050 cboavit.
426 2990 550 3047 Textum
570 2987 674 3070 lleynii
693 2987 768 3047 curis
790 2986 953 3048 restitutum
969 2983 1092 3066 proximi
1109 2981 1213 3042 deinde
1227 2978 1335 3042 editors

282 3087 386 3148 exarari
401 3089 554 3168 jusserunt.

323 3185 402 3246 Attii
419 3185 528 3247 Tibulli
545 3188 686 3259 carmina,
704 3199 758 3249 etc.
777 3186 922 3263 (dunning,
945 3182 1041 3268 1761,
1058 3183 1160 3242 in-ra.
1271 3223 1273 3227 <

323 3295 450 3377 Singulae
467 3295 594 3376 quaedam
606 3295 743 3355 lectiones
757 3317 789 3355 ex
800 3292 1008 3374 antiquioribus
1023 3286 1198 3351 editionibus
1213 3299 1329 3350 revocat

282 3394 316 3456 ab
331 3392 487 3478 Heyuianis
504 3394 650 3454 recedunt.

324 3493 403 3554 Albii
419 3494 528 3554 Tibulli
546 3494 668 3554 carmina
682 3515 689 3550 :
705 3490 786 3552 Libri
806 3505 864 3552 tres
885 3514 950 3551 cum
963 3488 1038 3551 libro
1053 3499 1155 3569 quarto
1170 3485 1310 3564 Sulpiciae

283 3591 402 3652 aliorum
418 3592 501 3652 novis
519 3591 593 3652 curis
610 3590 754 3675 castigavit
765 3589 884 3669 Heyuc,
902 3588 1026 3669 Lipsioe,
1047 3605 1143 3669 1777,
1157 3581 1252 3644 irs-80.

326 3690 405 3750 Attii
421 3691 531 3752 Tibulli
548 3691 688 3763 carmina,
704 3702 759 3751 etc.
775 3690 903 3770 siponti,
925 3683 1019 3770 1783,
1038 3685 1133 3747 irs-8⁰.

325 3792 434 3873 Heynii
448 3804 556 3853 textum
572 3801 684 3851 secutus
698 3803 742 3851 est
755 3789 857 3850 editor.

325 3888 405 3949 Albii
420 3887 531 3950 Tibulli
542 3888 684 3961 carmina,
696 3899 767 3960 etc,
782 3884 865 3946 novis
876 3883 952 3944 curis
963 3879 1108 3964 castigavit
1122 3881 1161 3941 G.
1171 3880 1286 3959 Heyne.
1302 3878 1321 3940 E

284 3992 367 4051 tertis
382 3990 493 4071 emend.
509 4002 539 4048 et
554 3990 673 4050 auctior.
691 3988 813 4069 Lipsioe,
836 3981 921 4070 1798.

326 4090 473 4152 Prioribus
483 4084 912 4172 qusecuralleyniiprodierunt
918 4081 1093 4146 editionibus
1102 4104 1126 4143 a.
1138 4076 1255 4164 1755&
1265 4096 1318 4164 177

286 4187 801 4272 nosaeacccsseruntcopissacdotes'e
811 4184 886 4246 Cod
896 4178 1315 4246 Guett.et0ttt.recentscotts
