2806 5002
164 455 1244 488 mmmmm

247 653 658 764 ELEGIARUM
701 651 1152 762 ARGUMENTA.

559 889 846 921 -ψ-

166 1146 453 1255 ARGUMENTA
472 1208 531 1253 eur
552 1208 622 1255 non
640 1179 780 1276 singulis
800 1178 912 1276 elegiis
929 1178 1139 1280 predixerim,
1156 1180 1239 1251 andi

164 1325 267 1384 nnnc,
285 1297 388 1370 amice
404 1295 528 1380 lector;
555 1295 687 1370 dnobus
702 1296 809 1369 causis
826 1295 966 1369 maxime
980 1294 1143 1368 adductus
1161 1323 1239 1367 sum

162 1428 201 1484 ut
219 1438 256 1484 ea
274 1410 383 1483 omnia
397 1408 463 1482 boc
481 1408 556 1483 loco
574 1409 781 1499 exhiberem,
800 1437 940 1511 quarum
961 1407 1055 1508 prior
1071 1407 1141 1481 haec
1160 1425 1238 1481 est:

163 1545 279 1627 poetas
292 1527 493 1600 recentiores
505 1528 574 1600 sive
587 1526 718 1616 Gallos,
736 1527 804 1601 sive
821 1527 1005 1600 Germanos
1020 1525 1147 1626 absque
1165 1524 1237 1598 ulla

163 1645 326 1719 editorum
343 1643 629 1746 interpretumque
647 1644 877 1718 lucubratione
893 1643 1043 1741 legimns.
1064 1643 1152 1742 Quis
1166 1672 1237 1715 un-

164 1788 263 1862 quam
279 1759 399 1856 elegias
418 1762 564 1857 egregias
584 1789 666 1861 quas
683 1761 802 1834 cecinit
817 1760 928 1866 Ponp
941 1777 1135 1856 argumento
1153 1787 1236 1832 one-

161 1905 235 1951 rare
249 1905 348 1951 ansus
366 1878 440 1951 est?
459 1877 532 1980 quis
552 1895 672 1951 tersam
687 1875 795 1951 eximii
806 1877 917 1950 Berlin
932 1874 1126 1972 elegantiam
1142 1873 1233 1948 soedo

163 1989 559 2066 elencbodebonestatit?
569 1994 689 2066 Nonne
699 1992 779 2064 satis
787 1989 1233 2079 eritnotis‚commentariis‚

162 2104 452 2207 disquisitionibus
464 2125 611 2180 veterum
624 2125 775 2208 poemata
788 2106 995 2207 impediisse;
1012 2134 1169 2179 excursus
1182 2105 1235 2178 in-

161 2249 262 2321 super
279 2238 312 2294 et
328 2220 465 2293 notitias
482 2219 658 2296 litterarias
674 2222 866 2317 addidisse?
884 2224 938 2294 An
956 2221 1053 2294 etiam
1068 2220 1104 2292 in
1119 2220 1234 2294 fronte

161 2338 329 2425 carminis,
341 2335 495 2411 lectorem
505 2337 548 2411 ab
558 2338 650 2410 aditu
659 2334 1235 2438 prohibebita1·gurnentum?Altera

160 2480 259 2526 eausa
275 2483 334 2525 cur
350 2480 499 2525 seorsum
516 2451 572 2524 bic
590 2469 805 2552 compareant
819 2452 1010 2541 summaria,
1029 2452 1164 2547 majoris
1175 2454 1236 2528 ad·

160 2564 226 2639 buc
248 2566 407 2639 momenti
432 2564 515 2637 mihi
541 2565 610 2637 visa
637 2583 688 2639 est
709 2565 886 2638 :ordinem
916 2583 1044 2665 spectat
1060 2594 1127 2666 quo
1151 2595 1236 2640 con·

162 2682 293 2783 scripta)
301 2681 424 2754 fuerint
434 2679 560 2777 elegiae,
580 2682 761 2754 secundum
772 2700 958 2781 temporum
970 2681 1105 2769 s'eriem;
1121 2683 1237 2783 quain

160 2800 202 2873 re
212 2797 254 2899 ab
273 2798 427 2872 omnibus
446 2797 629 2872 editoribus
645 2797 824 2884 dissentio,
843 2797 877 2870 in
895 2795 957 2870 alia
972 2825 1111 2898 prorsus
1126 2797 1237 2872 disce-

161 2912 253 2987 dens.
279 2914 387 2994 Certo¹
404 2912 539 2985 nimiam
555 2911 723 2984 audaciam
740 2912 911 3011 professus
933 2939 1060 3000 essem,
1086 2911 1115 2983 si
1138 2909 1235 2985 nulla

162 3027 369 3101 dubitatione
393 3027 542 3101 adbibita
568 3026 760 3128 opinionem
775 3053 880 3099 meam
900 3026 1004 3100 textui
1025 3025 1090 3127 ipsi
1114 3026 1237 3100 obtru-

162 3142 301 3230 sissem,
324 3142 560 3243 superscriptis
582 3143 623 3215 iis
638 3141 648 3229 ,’
682 3171 754 3244 quae
779 3141 920 3215 fortasse
940 3140 1026 3215 nibil
1052 3141 1119 3216 nisi
1147 3170 1234 3216 vana

161 3259 289 3361 somnia
303 3276 391 3333 sunt.
408 3261 587 3344 Caeterum,
607 3287 649 3331 ne
665 3255 821 3331 facultate
838 3286 963 3332 careres
980 3257 1088 3358 primo
1106 3257 1234 3332 intuitu

161 3402 425 3475 unamquamque
450 3372 586 3469 elegiam
607 3374 849 3469 cognoscendi,
875 3373 1022 3447 tabulam
1043 3375 1086 3447 ad
1109 3373 1234 3449 calcem

162 3490 338 3567 voluminis
363 3507 522 3564 consueto
548 3515 639 3561 more
660 3486 857 3577 locavimus3
881 3490 994 3591 ibique
1012 3489 1113 3563 simul
1130 3490 1233 3565 breve

160 3625 390 3703 argumentum
415 3635 481 3680 una
507 3623 634 3679 tantum
658 3603 778 3678 lineola
798 3636 860 3706 pro
887 3605 1017 3703 singula
1044 3604 1147 3702 elegia
1177 3633 1234 3680 ex-

160 3752 322 3825 pressum.
339 3725 541 3799 ‚Iamdudum
553 3724 643 3824 apud
658 3751 773 3796 omnes
791 3741 922 3797 constat
932 3725 1081 3811 Horatii,
1100 3722 1236 3820 Virgilii

107 3820 130 3836 ’
160 3837 367 3942 aliorumque
377 3842 518 3914 carmina
528 3839 624 3913 nullo
636 3840 794 3941 temporis
807 3841 923 3914 ordine
933 3857 1064 3913 servato
1075 3840 1110 3911 in
1124 3837 1235 3913 libros

162 3957 289 4055 digesta
307 3986 388 4033 esse.
412 3958 463 4032 De
475 3957 613 4032 Tibullo
626 3957 713 4031 idem
730 3958 873 4048 obtinet,
892 3977 931 4031 ut
947 3959 981 4030 in
995 3958 1061 4030 vita
1076 3957 1235 4031 ostende·

161 4103 245 4149 mus.
266 4075 331 4149 Hic
347 4103 425 4148 vero
447 4072 608 4147 librorum
626 4075 763 4171 vestigia
781 4091 988 4175 prementes,
1006 4101 1236 4174 numerosque

161 4189 406 4289 superscriptos
433 4206 620 4275 servantes,
649 4206 843 4284 argumenta
867 4189 983 4266 eodem
1000 4189 1136 4275 ordine,
1161 4215 1234 4288 quo
