2834 4996
180 469 202 554 4
511 474 660 542 ALBII
692 476 918 544 TIBULLI

174 612 242 684 Nec
260 638 335 710 spes
352 611 529 702 destituat,
548 617 607 691 sed
624 617 758 715 frugum
775 647 906 720 semper
922 647 1054 694 acervos

223 727 390 815 Praebeat,
408 747 440 802 et
456 731 557 831 pleno
573 732 709 833 pinguia
727 751 835 808 musta
852 733 943 820 lacu;
1219 774 1249 809 ιο

174 848 259 919 Nam
276 874 430 933 veneror,
448 875 505 922 seu
523 849 627 949 stipes
643 850 744 923 habet
762 842 910 924 desertus
928 851 1087 947 inagna,

172 1034 291 1099 diverso,
309 1034 461 1088 habendum
473 1055 536 1089 esse.
555 1036 682 1091 lluscttx.
733 1037 790 1091 nuit
807 1036 846 1089 vir
863 1037 974 1103 doetus,
996 1037 1023 1090 in
1038 1036 1104 1107 Epti
1118 1037 1167 1092 litt.
1182 1039 1245 1093 Jen

171 1138 205 1154 -
216 1111 358 1167 lllanifesto
376 1133 390 1166 a
407 1113 539 1182 Scaligero
557 1115 584 1167 in
602 1134 683 1168 casses
732 1115 949 1170 Bion-Nobis
963 1115 1060 1185 pariter
1070 1115 1176 1170 videtur
1187 1137 1247 1187 spes

170 1190 294 1246 inductus
306 1202 344 1244 est
356 1192 445 1263 lleyn.
463 1191 608 1246 nihilenim
619 1213 683 1247 me·
733 1202 762 1243 ut
774 1191 856 1244 animi
868 1190 975 1247 affectus
991 1193 1040 1248 hoc
1057 1195 1115 1249 loco
1132 1198 1245 1264 reponi:

169 1268 219 1321 lius
227 1269 342 1322 decurrit
351 1286 430 1335 quam
440 1267 632 1322 sententiarum
641 1287 681 1321 or·
731 1267 826 1320 eodem
844 1288 939 1335 sensu,
955 1270 1048 1323 Horat.
1056 1267 1100 1323 lib.
1110 1271 1137 1337 l,
1149 1271 1205 1326 Od.
1214 1275 1244 1341 4:

169 1346 212 1398 do.
222 1346 317 1409 Poeta,
333 1345 376 1412 qui
387 1343 469 1396 modo
478 1343 576 1398 militiae
583 1346 681 1400 incom·
732 1366 746 1390 κ
761 1345 830 1397 Vitae
840 1363 943 1397 summa
956 1345 1042 1400 brevis
1052 1366 1121 1414 spen
1133 1366 1183 1402 nos
1195 1368 1243 1402 ve·

167 1424 264 1488 moda,
278 1443 350 1477 nunc
361 1422 400 1476 rei
413 1424 514 1477 rustice
529 1425 629 1480 labores
642 1446 681 1480 re·
733 1433 770 1476 tat
783 1422 907 1477 inchoare
918 1424 1030 1493 longam.
1040 1448 1054 1471 »

166 1501 232 1554 fert:
241 1500 277 1554 ita
287 1501 424 1566 arborum,
440 1500 560 1569 inprimis
571 1503 678 1570 vitium,
767 1520 804 1552 ιο.
815 1499 894 1569 apud
905 1503 1073 1571 Propertium
1085 1517 1180 1560 votum
1192 1506 1244 1560 lua·

167 1578 298 1633 culturam
315 1591 521 1646 commemorat,
542 1600 578 1633 vs.
599 1586 678 1650 7-243

168 1655 266 1710 deinde
285 1657 447 1723 arationem,
462 1669 489 1712 et
508 1679 565 1713 rem
577 1680 679 1731 petua-

169 1736 251 1801 riam,
266 1754 331 1789 vers.
345 1737 437 1802 25-34.

200 1835 224 1886 9.
237 1815 291 1866 Nec
301 1833 360 1881 spes
373 1817 500 1870 destriaat.
515 1817 678 1874 Brouclrhus.

164 1893 239 1962 jubet
252 1895 323 1960 Spem
340 1893 481 1962 majuscula
499 1895 586 1951 littera
604 1897 678 1952 desi-

164 1969 255 2040 gnari,
269 1969 364 2038 quippe
377 1989 435 2039 quae
451 1972 603 2027 iudeorum
621 1994 678 2028 nu-

164 2066 240 2102 mero
257 2060 416 2102 censeatur:
435 2073 449 2097 κ
464 2051 542 2106 llanc
561 2054 677 2107 Romani

164 2125 308 2179 credebant
323 2127 475 2180 mortalibus
499 2129 621 2201 singulis,
636 2131 676 2183 si-

95 2266 98 2271 Ι
164 2203 220 2257 mul
237 2215 315 2273 atque
336 2205 469 2259 inlunem
490 2207 578 2262 forent
596 2210 675 2276 editi,

163 2300 218 2334 una
230 2300 290 2334 curn
304 2281 381 2351 genio
392 2282 464 2335 bono
474 2282 562 2339 adesse
575 2297 676 2354 praesto.

166 2359 260 2428 Quare
282 2370 309 2413 et
334 2377 406 2414 saum
429 2377 575 2418 ornatuum
595 2385 678 2420 voca-

163 2449 250 2502 runt,
269 2447 297 2489 ut
319 2437 345 2489 in
367 2439 485 2491 nummis
501 2451 527 2493 et
549 2441 675 2510 lapidibus

163 2534 231 2583 sepe
246 2513 378 2582 reperitur
392 2536 399 2578 3
420 2536 434 2560 »
451 2515 510 2568 vide
533 2518 602 2586 apud
616 2519 676 2572 Bo-

163 2592 310 2658 chardum,
324 2603 388 2645 tom.
399 2592 450 2657 lV,
464 2593 555 2663 antiq.
570 2614 595 2664 p.
611 2598 675 2662 130,

164 2682 191 2724 et
204 2671 272 2740 apud
282 2669 446 2737 Gruterum,
460 2669 530 2738 Cll,
543 2693 563 2726 ι.
577 2673 677 2727 Mulier

162 2760 202 2804 est
212 2748 317 2815 stolata,
328 2748 424 2801 corolla
432 2748 514 2802 florea
524 2751 625 2804 crinem
635 2770 676 2803 re-

162 2827 268 2893 dimita,
286 2828 367 2898 apicas
386 2828 503 2897 quinque
515 2828 618 2883 sinistra
635 2848 675 2897 ge-

161 2917 302 2960 stanneum
311 2906 412 2960 duobus
423 2928 581 2978 papaverum
589 2909 676 2977 capiti·

161 2983 261 3037 hustad
269 2984 347 3052 pedes
357 2997 407 3040 stat
415 2986 526 3053 alveare,
534 3006 675 3042 exsummo

164 3060 260 3113 alveari
270 3062 424 3129 prominent
432 3063 576 3129 duaerosae,
591 3082 675 3116 unum

162 3149 240 3207 eaput
251 3138 401 3207 papaveris,
415 3143 492 3211 spiere
504 3155 634 3212 quatuor,
646 3143 675 3196 in

145 3216 218 3268 'lraai
230 3215 286 3268 ltree
299 3215 395 3268 rerba:

257 3309 288 3346 at.
301 3308 366 3346 arn.
380 3310 501 3351 raconvs
514 3313 581 3350 aaut

270 3388 340 3426 ‘tvvs
353 3389 478 3428 sancum:
489 3391 564 3429 vanu

256 3466 301 3504 nis
314 3467 346 3504 tr
358 3465 466 3506 strvsr.
478 3470 580 3508 ιιοιιτιι

381 3528 465 3582 sPEt

262 3616 415 3658 natuerat
429 3621 580 3662 ΡΑιιιιιιιιτο

259 3698 366 3737 Simulo
380 3699 505 3739 HOM'l'VS
518 3704 574 3741 ΠΜ

339 3776 376 3813 'l'V
389 3776 439 3814 8Ἶο
451 3777 469 3814 1)
482 3779 500 3814 D

728 1578 769 1645 jus
777 1577 860 1631 simile
871 1579 1004 1645 invenies,
1015 1579 1057 1634 lib.
1067 1583 1124 1648 lll,
1137 1584 1240 1650 Elatr,

728 1672 794 1707 vers.
810 1675 838 1724 17
858 1674 864 1708 ι
884 1676 898 1701 «ι
910 1655 1084 1724 Dummodo,
1104 1678 1242 1730 purpureo

727 1744 851 1799 spument
869 1734 934 1787 mihi
949 1734 1016 1788 dolia
1030 1747 1135 1804 musto,
1148 1739 1243 1792 Etno-

728 1830 758 1861 va
770 1822 916 1879 pressantes
927 1812 1047 1881 inquinet
1060 1833 1109 1867 ura
1122 1815 1240 1884 pedem

727 1899 754 1941 et
765 1890 891 1943 Heinsius
903 1890 953 1944 hoc
961 1891 1071 1945 disticho
1078 1892 1171 1959 fretus,
1185 1894 1241 1948 loeo

727 1979 766 2021 τοῦ
771 1973 879 2036 prognta
887 1967 1172 2036 desidembatspaarea,
1186 1970 1242 2024 alii·

726 2064 776 2113 que
792 2065 850 2098 suas
864 2064 946 2115 nugas
963 2045 1155 2114 admoverunt,
1168 2047 1240 2103 inter

727 2140 791 2190 epuns
802 2123 909 2176 Servius
920 2122 1050 2176 Ovidium
1063 2122 1138 2177 valde
1148 2144 1241 2197 repre·

725 2201 833 2267 itendit,
853 2203 923 2271 quod
939 2212 1056 2255 mustum
1075 2203 1169 2273 plurali
1180 2224 1240 2258 ιιι·

724 2298 799 2333 mero
814 2281 916 2333 dixerit.

762 2380 798 2412 ιι.
820 2360 871 2413 llic
888 2379 976 2412 versus
993 2358 1062 2429 apud
1079 2359 1241 2415 Brouckltu-

724 2439 793 2511 sium
802 2438 1241 2508 decimusquintusocnurtit,ma-

724 2522 777 2586 gub
791 2517 921 2584 junctura
929 2516 1106 2581 detrimento,
1116 2515 1241 2585 quolam

724 2604 763 2645 est
777 2613 784 2645 ι
796 2594 901 2647 felicem
912 2592 1020 2662 frugum
1034 2600 1065 2644 ει
1078 2593 1145 2663 agris
1153 2602 1181 2645 et
1191 2593 1239 2645 vi-

724 2673 781 2725 neis
791 2682 950 2741 proventum
962 2671 1034 2737 lore,
1047 2690 1152 2740 sperare
1163 2670 1240 2725 licet:

723 2766 806 2819 quum
816 2753 897 2820 pietas
908 2768 968 2804 mea
977 2750 1026 2803 diis
1036 2750 1108 2803 cordi
1116 2768 1172 2803 non
1181 2768 1239 2804 ease

722 2837 926 2896 nequeat3nam
932 2845 1054 2892 veneror,
1063 2826 1240 2881 eto—lutel-

723 2905 842 2974 ligendus
855 2918 944 2959 autem
960 2907 1088 2967 Hermes,
1100 2906 1142 2959 rel
1157 2906 1238 2960 ller-

724 3003 783 3051 mae,
793 2985 890 3052 quales,
900 2985 1008 3050 Silvani,
1019 2986 1113 3051 Panes,
1123 2985 1236 3052 Bacelri,

725 3062 814 3131 Priapi
826 3083 857 3115 ex
868 3064 939 3132 ligno
951 3062 993 3116 rel
1010 3062 1095 3132 lapide
1107 3061 1238 3132 [requen-

723 3149 762 3193 tes
770 3142 797 3192 in
809 3141 877 3209 agris
890 3140 1104 3210 reperiebantur3
1117 3138 1236 3193 aelidem

723 3214 1235 3287 genusspectantTerminillos‘l'ermi·

723 3311 785 3359 nos,
799 3313 846 3347 seu
862 3292 938 3345 rudia
956 3293 1069 3346 deorum
1089 3292 1234 3363 agrestium

721 3370 810 3439 signa,
829 3370 864 3423 ait
876 3379 953 3438 poeta
963 3388 989 3421 se
1002 3374 1129 3431 venerari,
1144 3369 1234 3424 debito

722 3447 824 3501 honore
839 3448 951 3502 afficere.
973 3448 1065 3502 Flebat
1079 3460 1169 3501 autem
1184 3449 1235 3504 troc

721 3527 825 3581 corollis
832 3528 1092 3597 signoimponendis,
1100 3529 1189 3582 infulis
1195 3530 1234 3583 in·

721 3603 860 3673 jiciendis,
879 3604 1051 3673 inprimisque
1064 3614 1094 3657 ut
1105 3623 1234 3675 unguen-

722 3694 750 3736 to
769 3684 883 3735 Hermas
900 3682 1065 3735 delibuerent
1079 3704 1084 3736 :
1098 3683 1193 3752 quade
1205 3690 1235 3738 re

722 3760 781 3814 vide
800 3761 905 3830 Apuleii
923 3762 1021 3816 Florid.
1043 3763 1073 3827 l,
1093 3783 1132 3832 pr.
1153 3774 1181 3816 et
1199 3764 1235 3817 ibi

162 3835 215 3891 Sed
239 3837 311 3891 hunc
334 3836 464 3893 Pacorum
481 3842 674 3910 negotiatorem
721 3837 982 3911 Colum.pag.164;
1005 3839 1138 3897 Clemeut.
1160 3841 1234 3896 Alex.

161 3916 239 3969 luisse
250 3913 364 3983 ,indicat
374 3914 406 3968 ad
417 3928 494 3984 eaput
507 3917 563 3971 dee
574 3918 674 3972 sarcina
721 3915 779 3981 Vl,
793 3934 850 3984 pag.
867 3917 932 3982 utu
947 3917 989 3969 adi
1005 3916 1060 3971 Cic.
1075 3919 1154 3972 Varr.
1175 3920 1232 3985 lV,

162 3995 191 4046 in
205 4012 255 4062 qna
267 4012 367 4048 merces
380 3992 513 4063 colligata.
525 3995 674 4050 Βιιοιιοιιι.
720 3996 761 4049 35.
774 3994 863 4047 Exstat
875 3997 954 4047 etiam
967 3997 1145 4051 intertabulas
1154 3999 1233 4051 Her-

163 4072 286 4139 -Spem
298 4088 353 4123 non
368 4069 445 4123 deam
462 4090 537 4136 esse,
554 4072 599 4124 sed
615 4090 673 4126 rein
720 4073 981 4144 culanensesdepirta
990 4076 1047 4129 talis
1054 4077 1156 4147 religio,
1166 4088 1231 4132 torm

162 4152 244 4216 ipsam
252 4166 311 4218 que
317 4147 448 4217 sperando
457 4159 629 4219 exspectatur,
637 4170 674 4204 se.
720 4152 770 4219 lV,
783 4171 840 4223 pag.
854 4154 1031 4225 arti-Stipes
1041 4155 1160 4210 desertus
1174 4167 1230 4210 non

162 4223 526 4297 lamalmgnmprnrentus,
539 4228 607 4282 bene
616 4246 673 4283 mu·
719 4241 776 4298 est,
793 4242 823 4286 ut
834 4243 905 4287 recte
918 4234 945 4287 J.
965 4236 1001 4288 tt.
1022 4236 1097 4289 Voss.
1116 4249 1210 4291 monet
1218 4275 1229 4303 ,
