2806 5002
165 433 177 493 l
552 434 613 494 DE
641 434 842 496 TthLLl

170 588 187 619 c
202 563 384 653 Propertium
407 565 473 624 cun'r
497 576 612 627 vetusto
630 566 739 628 Codice
761 565 959 628 contulimus:
982 563 1032 628 sed
1047 586 1113 647 quae
1130 566 1166 625 de
1189 565 1230 626 illc

170 662 255 725 nobis
277 658 447 745 sumpsimus
469 664 547 725 haud
563 666 763 745 adscripsimus
782 666 851 728 huic
870 665 998 741 ecdici,
1020 667 1070 728 sed
1090 666 1122 726 in
1141 666 1230 729 lihettr

169 762 337 837 retulimus,
354 762 404 845 qui
418 776 462 824 est
475 764 630 843 inscriptus
646 787 653 824 ι
666 766 857 848 Antiquomm
872 766 1107 827 emendatrhrrum.
1116 792 1133 820 a

206 864 271 925 Alia
283 863 367 946 hujus
381 862 515 925 editionis
529 866 653 943 exempla
669 864 736 925 alibi
750 864 954 944 reperiuntur,
977 887 1067 925 uuum
1084 866 1229 950 Argento·

164 966 237 1041 rati,
254 964 303 1025 cui
316 953 384 1024 item
402 964 542 1041 adscripta
555 975 625 1025 sunt
639 964 757 1025 Scholia
771 966 806 1025 ad
820 965 977 1047 marginem
988 976 1018 1026 et
1030 964 1221 1029 interversor

166 1065 246 1139 duo,
262 1062 342 1146 quod
358 1061 463 1136 seiani,
480 1061 511 1121 in
526 1060 698 1137 Gennania,
715 1062 835 1123 alterum
848 1062 1051 1138 Vindobonae,
1065 1075 1141 1125 teste
1155 1065 1226 1127 Har

165 1165 240 1225 clrlro
255 1163 286 1223 in
301 1162 430 1239 Epistola
443 1160 478 1222 ad
493 1161 709 1236 Abisardtum,
724 1160 844 1222 alterum
860 1161 1014 1238 vinaria,
1037 1174 1110 1225 teste
1120 1162 1225 1225 blandit

162 1265 194 1324 in
216 1262 358 1345 prooemio
373 1260 514 1321 Silvarum
532 1259 634 1338 Statii,
656 1284 685 1343 p.
706 1282 755 1345 ²9·
784 1261 852 1323 Fuit
866 1262 950 1324 etiarn
968 1284 1061 1323 unum
1076 1261 1108 1323 in
1127 1261 1221 1327 biblio

164 1363 246 1423 theca
255 1361 369 1423 Ludov.
381 1364 467 1422 Joan.
481 1361 622 1440 Gaipnct,
641 1360 783 1423 laudatum
794 1361 826 1422 in
840 1361 980 1445 catalogo
993 1376 1022 1439 ¹,
1039 1375 1061 1424 t.
1074 1364 1101 1438 l,
1115 1384 1147 1441 p.
1159 1364 1219 1440 411

163 1458 305 1546 n'1598,
321 1463 362 1522 sie
379 1484 386 1520 ι

205 1563 331 1637 Catulli,
356 1561 464 1623 Tibulli
477 1575 507 1624 ct
522 1564 666 1646 Propertii
685 1566 800 1643 Opera,
819 1585 873 1626 nec
891 1584 953 1626 uon
971 1566 1006 1624 P.
1024 1563 1138 1642 Papinii
1154 1565 1219 1626 Stat

165 1664 267 1746 Sylvae.
288 1662 388 1725 Editio
406 1662 535 1741 primaria
555 1663 622 1723 anni
650 1664 726 1748 ¹47²
750 1662 980 1742 (characteribus
995 1663 1145 1725 vtntetini
1167 1664 1218 1743 Spi

163 1762 255 1825 rensis
270 1767 401 1843 excusa),
418 1784 497 1842 parv.
512 1762 644 1824 iu-iolio.

202 1867 248 1925 De
264 1864 394 1946 exemplo
410 1864 505 1926 Musei
519 1862 676 1924 Britannici
691 1875 721 1924 et
733 1861 866 1925 biblioth.
881 1860 996 1924 Ashcw.
1012 1864 1091 1945 quod
1105 1863 1216 1947 Heyuir

162 1962 277 2038 laudat,
304 1985 366 2025 nou
385 1963 486 2046 liquet.
505 1963 598 2037 Vide,
614 1984 679 2044 quae
698 1984 781 2044 supra
798 1963 920 2024 diximus
935 1963 971 2023 ad
988 1984 1019 2024 ιι.
1038 1964 1096 2022 111.
1114 1962 1214 2026 Ereta

162 2063 347 2140 exemplaria,
359 2084 376 2123 a
388 2062 489 2145 quibus
503 2061 582 2124 abest
595 2062 703 2123 Statius
713 2107 723 2139 ,
733 2063 894 2144 cujusmodi
905 2086 996 2125 unum
1007 2063 1149 2124 Bardilius
1163 2062 1213 2125 rid

163 2162 195 2223 in
214 2163 346 2225 biblioth.
367 2167 441 2246 tteg.
462 2162 625 2226 Parisiensi.
648 2162 742 2224 Etiam
765 2164 796 2224 iu
825 2164 956 2247 catalogo
976 2163 1110 2226 biblioth.
1136 2164 1212 2227 Nico

163 2264 262 2325 Rossii
279 2266 399 2339 citatur,
423 2286 451 2345 p.
467 2261 517 2337 64.
539 2263 719 2337 «Catullus,
736 2262 871 2326 Tibullus
886 2276 915 2324 et
932 2264 1124 2346 Propertius,
1148 2262 1210 2325 in-t

162 2365 224 2425 sine
239 2364 306 2425 loco
322 2375 351 2423 ct
366 2385 465 2438 auno,
487 2362 597 2446 imperf.
611 2390 625 2416 u
645 2366 733 2425 Nunc
748 2363 779 2424 in
795 2363 967 2425 bibliotheca
989 2362 1181 2438 Corsiniana,
1203 2362 1209 2422 i

163 2485 247 2545 quam
265 2476 333 2543 post
352 2476 475 2525 mortem
490 2464 588 2525 Roscii
604 2486 668 2525 cum
684 2462 802 2545 reliquis
817 2466 877 2546 ejus
892 2461 971 2524 libris
988 2460 1140 2536 omnibus,
1157 2484 1207 2525 anr

167 2561 263 2648 1785,
279 2564 418 2642 pervenit.
432 2564 520 2626 Cous.
535 2564 683 2648 Catalog.,
697 2587 727 2642 p.
741 2561 770 2622 8.
788 2566 842 2624 Est
855 2565 919 2625 haee
929 2562 1032 2645 procul
1046 2561 1134 2623 dubio
1145 2562 1206 2623 edit

165 2665 308 2727 decurtata
320 2688 366 2726 an.
388 2664 480 2749 1472,
498 2686 580 2746 quarn
595 2665 639 2726 uel
652 2686 770 2742 prorsus
786 2665 937 2738 omittere,
954 2662 999 2725 vel
1009 2663 1166 2725 accuratius
1180 2662 1205 2724 d

162 2764 275 2849 signare
292 2764 411 2826 debebat
427 2766 586 2839 Procerus,
601 2777 673 2826 tom·
689 2765 753 2839 lv,
777 2788 806 2847 p.
826 2784 905 2847 107,
928 2787 956 2824 ιι.
975 2760 1055 2848 298,
1072 2762 1203 2827 adscribe

163 2865 240 2927 libro
257 2888 292 2928 ex
308 2867 363 2929 lide
378 2864 455 2930 illius
472 2864 619 2948 Catalogi,
629 2862 685 2941 sol.
702 2876 732 2924 et
744 2886 904 2943 provocans
922 2864 957 2925 ad
977 2862 1113 2925 Maittarii
1130 2864 1202 2925 Αιιιι

164 2966 349 3049 Typograph.
362 3012 371 3043 ,
386 2979 458 3028 tom.
473 2969 546 3049 l,p.
565 2964 639 3050 752,
657 2962 706 3023 ubi
720 2965 799 3024 solus
816 2963 945 3025 Catullus
961 2961 1079 3039 trs-tot,
1097 2962 1201 3024 laudati

164 3062 253 3136 Vide,
272 3086 337 3144 qure
352 3066 468 3127 tradidit
481 3062 751 3146 Illartyni-boguua
768 3063 835 3124 loco
852 3085 935 3141 supra
951 3063 1038 3123 citato
1054 3062 1090 3122 ad
1106 3083 1137 3122 n.
1155 3062 1199 3122 111

204 3166 269 3224 Jam
277 3164 344 3225 satis
355 3164 439 3226 nobis
451 3165 604 3226 illustrasse
614 3164 742 3225 videmur
752 3163 848 3226 locum
859 3163 967 3247 Heyuii
981 3165 1016 3223 de
1028 3163 1137 3223 Tibulli
1144 3162 1198 3224 cor

163 3275 192 3325 et
201 3263 373 3343 Eddpll,
383 3265 549 3326 scribentis:
565 3266 704 3327 «Esthsec
713 3266 796 3325 editio
800 3267 931 3346 princeps
936 3309 945 3338 ‚
961 3262 1196 3325 Brouhhusiono

165 3365 313 3438 dumrisa,
326 3365 375 3426 sed
383 3363 747 3445 Vulpioprimumcognita.
755 3363 1153 3447 »AtquiVulpiusetiamnon
1161 3364 1195 3424 ba

164 3463 255 3537 vidit,
270 3465 320 3523 sed
331 3463 425 3539 illam,
443 3486 525 3546 quarn
540 3486 619 3524 num.
638 3464 707 3535 lll,
725 3465 920 3525 recensuimus
935 3490 951 3516 «
967 3467 1002 3524 ln
1020 3486 1052 3525 ea
1065 3465 1194 3542 Propert

164 3565 288 3642 primurn
306 3588 424 3627 excusus
442 3577 524 3626 est.»
549 3566 675 3625 Tantum
691 3562 787 3639 abest,
809 3577 842 3625 ut
862 3567 918 3627 hoc
936 3564 1050 3647 probari
1069 3563 1184 3647 possit,

164 3664 225 3739 reri
239 3664 326 3748 longe
342 3666 379 3727 sit
394 3666 528 3739 similius,
546 3666 701 3727 editionem
718 3664 794 3725 illam
810 3688 889 3727 num·
905 3667 973 3741 lll,
993 3689 1056 3747 quae
1073 3666 1166 3748 primo
1181 3684 1191 3724 s

165 3766 218 3828 tim
234 3766 360 3829 ineuntis
376 3770 443 3829 anui
460 3768 536 3854 1472
551 3810 560 3841 ,
584 3780 716 3850 tempore
737 3766 865 3845 prodiit,
892 3767 1078 3830 antecessisse
1099 3766 1190 3828 Veuet

198 4004 208 4034 ¹
227 4001 392 4074 Supphiment
404 4000 451 4054 ila
461 4002 652 4076 Bibliographic
664 4004 826 4071 instructivc,
841 4025 874 4056 ou
886 4004 1024 4079 Cataloguc
1043 4006 1087 4060 des
1101 4004 1187 4059 Livrea

166 4086 265 4139 cabinet
279 4086 310 4139 de
323 4088 364 4139 [ιιι
383 4088 419 4140 Μ.
431 4088 508 4139 bouis
519 4089 585 4141 Jean
601 4087 733 4158 Gur‘guat,
753 4087 851 4162 disposd
865 4103 888 4143 ct
901 4090 948 4144 mis
961 4110 993 4144 en
1008 4091 1082 4145 ordre
1099 4110 1145 4167 prr
1156 4090 1187 4145 Gt

165 4172 288 4241 Franpois
302 4176 335 4227 de
347 4172 427 4228 Bure.
439 4173 535 4237 Puris,
552 4172 622 4247 1759
636 4174 662 4227 11
672 4185 734 4228 tom.
747 4173 833 4228 irs-to.
