2834 4996
201 434 289 513 tmvj
581 426 644 487 on
672 426 874 487 ‘rmunrn

193 560 291 623 Vossii
306 560 434 630 ratione,
451 557 501 638 qui
517 556 633 618 tertium
650 556 802 638 elegiarum
819 556 921 616 librum
941 555 1089 639 Lygdamo
1103 558 1266 634 adscribit,

196 673 226 722 et
240 680 350 719 carmen
367 657 401 717 ad
416 656 563 717 Messalam
575 656 693 718 Tibullo
707 655 848 727 vindicat,
867 654 937 737 qnid
955 668 1086 727 censeat,
1105 658 1202 738 paneis
1217 661 1267 720 de-

197 759 329 830 claravit,
348 756 471 839 denique
483 755 620 817 nonnulla
635 755 809 816 editionibus
828 756 910 837 hujus
925 768 1018 833 poctae
1030 756 1141 838 adjecit.
1157 760 1264 819 Textui

197 880 213 921 e
229 858 346 941 regione
363 855 460 939 posuit
475 855 637 919 versionem
651 856 845 927 vernaculam,
863 852 997 936 subjectis
1014 854 1144 915 brevibus
1163 858 1262 929 notis,

197 980 260 1040 quae
274 956 535 1035 interpretationem
549 968 633 1037 atque
647 955 861 1032 explicationem
875 956 991 1016 maxime
1002 967 1139 1037 spectant.
1158 960 1193 1018 ln
1207 958 1264 1021 line

195 1056 329 1118 editionis
340 1068 398 1116 tres
410 1055 578 1115 exhibentur
588 1054 857 1128 commentationes,
871 1055 901 1113 in
915 1076 1032 1135 quarum
1044 1055 1132 1136 prima
1142 1055 1179 1115 de
1191 1077 1264 1117 nova

195 1160 244 1217 Jo.
260 1159 352 1216 Henr.
365 1152 460 1213 Vussii
473 1166 564 1215 textus
577 1153 762 1225 recensione,
777 1155 861 1215 altera
873 1155 907 1214 dc
919 1156 1045 1237 ejusdem
1056 1155 1189 1216 versione
1201 1177 1265 1239 ger·

199 1252 304 1315 manica
326 1253 455 1324 disserit;
483 1253 567 1312 tertia
583 1254 699 1330 exponit
720 1254 755 1313 de
777 1254 848 1335 pede
866 1254 1034 1324 trochaico,
1064 1277 1118 1335 qua
1143 1254 1206 1337 lege
1233 1254 1264 1312 111

198 1351 374 1411 hexametros
384 1349 551 1431 gernunicae
564 1348 668 1433 linguae
678 1350 867 1411 admittendus
878 1353 923 1411 sit.
935 1385 974 1399 -
987 1351 1122 1411 Cetemm
1137 1350 1263 1411 auctoris

199 1472 328 1523 nomen,
347 1449 425 1531 quod
441 1449 471 1508 in
489 1450 573 1510 titulo
588 1462 618 1510 et
632 1451 797 1532 praelatione
812 1454 947 1512 omissum
964 1463 1023 1525 est,
1040 1451 1146 1533 legitur
1161 1451 1192 1510 in
1207 1450 1263 1510 fine

200 1550 313 1611 alterins
331 1549 599 1624 commentationis,
618 1572 680 1634 pag.
703 1549 768 1611 182.

242 1656 319 1717 Albii
340 1654 447 1715 Tibulli
469 1655 597 1716 carmina.
620 1657 724 1740 Heynii
741 1657 809 1716 edit
827 1670 923 1738 quarta
944 1679 1021 1718 nunc
1040 1670 1123 1719 aucta
1141 1659 1264 1721 notiset

201 1756 263 1817 obs.
281 1760 314 1817 F.
328 1758 363 1815 E.
382 1756 604 1819 Wunderlichii.
623 1758 744 1839 Lipsiae,
769 1754 861 1839 1817,
879 1755 974 1817 irs—8⁰.

242 1860 278 1916 ln
286 1855 391 1938 Heynii
399 1855 524 1939 vestigiis
538 1878 595 1916 non
607 1855 726 1916 fideliter
739 1856 868 1917 constitit
877 1856 1162 1937 auctonlldjumenta
1172 1876 1265 1917 emen·

202 1964 301 2026 dandae
313 1964 442 2025 lectionis
455 1976 558 2046 praeter
569 1964 748 2045 superiorum
759 1963 900 2024 editorum
913 1963 1007 2041 copias
1018 1964 1178 2045 apographa
1192 1963 1265 2026 duo-

200 2090 263 2127 rum
281 2066 375 2126 Codd.
391 2063 519 2124 Zwicb.
511 2086 541 2123 111
558 2078 650 2142 partes
666 2064 787 2126 vocavit.

244 2171 321 2233 Albii
337 2171 445 2231 Tibulli
462 2171 600 2245 carmina,
621 2184 693 2243 etc.3
711 2172 755 2234 ed
775 2176 810 2234 E.
827 2174 862 2234 C
883 2175 916 2233 F·
932 2170 1141 2235 Wunderlicb.
1164 2170 1263 2245 Goet,

207 2268 302 2342 1818,
321 2269 412 2330 in-⁰.8

250 2370 328 2431 Albii
352 2370 461 2431 Tibulli
481 2370 570 2452 elegia
597 2371 702 2432 decima
728 2370 793 2432 libri
819 2370 902 2449 primi
926 2370 1138 2432 annotationem
1166 2369 1269 2453 adjecit

207 2470 352 2554 Georgius
365 2470 555 2531 Klindworth.
574 2471 694 2550 Lipsioe,
720 2470 805 2532 1818.

242 2578 320 2639 Albii
331 2578 439 2639 Tibulli
453 2581 589 2651 carmina,
604 2590 683 2639 textu
692 2579 726 2639 ad
739 2580 813 2640 Cod.
829 2582 884 2640 MS
905 2591 934 2639 et
948 2579 1088 2639 editiones
1100 2579 1270 2662 recognito,

202 2688 381 2749 concinniori
405 2687 536 2749 lectionis
560 2687 713 2762 varietate,
735 2700 808 2761 etc·;
835 2689 924 2748 edidit
944 2691 979 2748 E.
998 2689 1032 2750 C.
1055 2686 1164 2749 Christ.
1181 2687 1269 2749 Bacb.

206 2783 327 2867 Lipsr'oe,
351 2783 442 2869 1819,
461 2783 551 2846 in-80.

243 2896 287 2953 De
301 2905 383 2973 poeta
395 2891 467 2954 bene
483 2893 620 2966 meritus,
633 2913 725 2975 neque
737 2893 910 2977 Heynianam
927 2915 1019 2974 neque
1031 2892 1196 2954 Vossiauam
1212 2890 1268 2951 lec·

201 2987 310 3048 tionem
326 2990 449 3070 pressius
466 3002 579 3053 secutus
597 3004 658 3064 est,
675 3003 706 3050 ut
721 2992 780 3072 ipse
797 2991 826 3049 in
841 2991 1006 3069 praelatione
1024 2989 1155 3049 declarat.

245 3095 323 3155 Attii
347 3097 455 3157 Tibulli
480 3101 600 3160 carmina
622 3123 638 3162 e
657 3100 824 3161 recensione
846 3110 874 3159 et
897 3121 962 3158 cum
982 3094 1269 3158 animadversionibus

205 3195 326 3253 Imman.
343 3195 379 3254 C·
396 3196 546 3257 Huschkii.
569 3200 658 3260 avol.
678 3200 783 3279 Lr'psr‘oe
792 3245 802 3272 ,
823 3197 908 3281 1819.

246 3302 318 3376 llic,
330 3325 385 3383 qua
396 3303 533 3380 opinione
540 3329 619 3379 sum,
631 3329 729 3368 omnes
741 3309 870 3370 omnium
880 3309 1010 3369 doctrina
1018 3318 1047 3366 et
1058 3303 1271 3389 ingeniolouge

212 3414 279 3484 post
292 3422 322 3461 se
338 3402 465 3483 reliquit.

247 3508 325 3568 Attii
341 3507 466 3580 Tibulli,
484 3508 648 3586 Propertii,
666 3509 734 3568 edit.
753 3511 919 3572 Tauchnitz.
935 3512 1053 3594 Lipsiae,
1075 3506 1121 3569 18.

248 3619 327 3678 ntbii
345 3618 455 3680 Tibulli
476 3619 596 3680 carmina
617 3642 650 3680 ex
675 3633 750 3699 post.
777 3623 847 3684 Chr.
872 3625 954 3684 Gotl.
978 3627 1072 3708 Heyn.
1089 3621 1274 3705 castigatione

207 3719 296 3780 edidit
314 3720 343 3780 J.
364 3721 403 3780 Α.
417 3723 518 3780 Amor.
537 3722 676 3793 Pon‘st’t's,
700 3722 786 3783 1821.

249 3830 362 3890 Prodiit
378 3853 434 3891 uua
450 3853 513 3890 cum
531 3831 645 3891 Catullo
661 3833 736 3893 iuter
751 3835 905 3915 scriptores
920 3835 1021 3897 latinos
1037 3834 1189 3912 principes·

248 3973 289 3984 —
300 3940 445 3999 Hactenus
459 3939 494 3998 de
506 3938 687 4000 editionibus.
701 3943 744 4000 Ex
754 3942 868 4021 scriptis
883 3945 1011 4006 virorum
1020 3943 1192 4018 doctorum,
1210 3964 1275 4023 quae

212 4036 362 4097 Tibullum
378 4048 525 4117 spectant,
543 4038 603 4099 baec
617 4039 699 4100 nobis
714 4039 865 4102 innotuere
881 4064 888 4098 :

253 4144 295 4203 Η.
313 4143 348 4205 C.
367 4145 404 4204 A.
420 4142 576 4205 Eichstadii
592 4144 795 4227 Programma:
820 4145 1000 4228 disputantur
1014 4149 1151 4211 nonnulla
1168 4148 1203 4209 de
1222 4149 1271 4223 iis,
