2834 4996
528 482 646 552 ‘vira
675 492 886 554 rraurar.
1191 507 1234 585 xcj

173 636 245 712 dem
272 628 445 709 Tibullum
470 634 655 762 Messalla}
676 626 902 761 Eundemq³‡
930 657 962 712 et
983 642 1073 714 domi
1096 660 1128 715 et
1154 643 1236 718 foris

171 772 279 846 multis
306 757 436 905 donisplL
459 785 494 841 et
515 767 684 842 favoribus
706 768 920 868 sublevavit†
949 774 1066 872 Neque
1083 802 1160 848 vero
1177 774 1236 848 Ti-

171 896 280 970 bullus
302 894 367 967 fide
389 919 497 964 minus
519 891 649 987 integra
673 920 869 995 quacunque
892 893 982 969 inre
1004 894 1156 973 obeunda
1177 926 1232 973 so-

170 1016 311 1116 licitus†
346 1015 413 1089 Sed
440 1012 641 1115 percupidus
669 1014 808 1090 honoris
839 1014 908 1089 eius
934 1033 966 1090 et
994 1014 1104 1092 cultor
1131 1039 1237 1144 eratp

170 1144 335 1237 Aegaeum
348 1167 427 1212 vero
443 1165 517 1210 cum
532 1164 571 1210 eo
586 1136 744 1234 navigans
758 1166 846 1213 mare
860 1137 946 1213 mala
958 1138 1139 1216 valitudine
1159 1173 1236 1243 eap-

171 1281 219 1338 tus
237 1281 319 1361 est:s
341 1263 437 1334 Tunc
457 1258 573 1333 salutis
596 1285 695 1334 causa
713 1262 897 1361 proximam
920 1262 956 1334 in
978 1279 1097 1337 terram
1114 1265 1237 1367 phaea-

172 1388 244 1462 tiam
262 1389 352 1461 bona
370 1412 443 1459 cum
459 1383 625 1458 Messalla
642 1383 774 1459 licentia
794 1385 953 1461 conscilio
970 1386 1141 1464 voluntate
1159 1418 1238 1464 cou-

171 1511 265 1585 tessit
286 1536 442 1609 armaque
461 1506 574 1608 posuit
592 1507 663 1606 ibi†
694 1507 744 1582 Ac
767 1511 907 1606 spraetis
927 1512 986 1611 qui
1004 1511 1134 1585 divitias
1154 1543 1235 1589 auro

169 1633 257 1707 fulvo
271 1648 485 1729 cugererenes
512 1630 567 1704 Ad
584 1628 768 1704 litterarum
787 1633 856 1705 ocia
875 1661 959 1733 quae
979 1632 1044 1708 iam
1058 1633 1236 1737 reliquerat

170 1757 288 1854 rediit†
309 1752 477 1855 Epistolas
495 1752 672 1826 familiares
696 1755 739 1826 ael
757 1753 892 1828 Amicos
915 1755 1102 1856 complures
1123 1778 1154 1833 et
1179 1761 1236 1835 de-

170 1880 366 2011 lectabilesss
383 1907 488 1964 metro
508 1908 540 1963 et
556 1916 657 1989 prosa
675 1887 789 1988 dedier
801 1890 923 1964 Libros
940 1910 1049 1967 autem
1065 1913 1132 1970 tres
1148 1924 1236 1971 ama-

171 2015 253 2088 toria
275 2013 318 2086 de
335 2041 371 2086 re
387 2040 480 2086 suam
501 2013 543 2086 ad
560 2011 678 2087 deliam
695 2012 853 2113 eligiato†
876 2032 982 2091 metro
999 2017 1155 2117 scripsit†
1181 2021 1235 2095 sic

171 2139 254 2211 enim
279 2165 363 2238 quae
384 2138 517 2210 nomine
540 2165 618 2210 vero
636 2135 956 2214 Plautiavoearetur
980 2140 1045 2214 hoc
1067 2142 1133 2216 isto
1157 2138 1235 2218 licto

168 2261 302 2335 nomine
316 2289 354 2332 ac
370 2289 439 2334 non
452 2289 513 2357 suo
524 2258 727 2360 appellavit†
738 2259 836 2363 plura
847 2291 917 2336 non
933 2263 1104 2363 scripsisse
1119 2267 1236 2340 Tibul·

169 2384 219 2459 lus
241 2402 473 2483 memoraturus·
489 2382 587 2459 Obiit
606 2402 747 2463 mortem
767 2385 803 2457 iri
825 2385 908 2463 llore
930 2386 1109 2473 iuventutis
1127 2393 1233 2464 Natus

169 2538 246 2583 vero
261 2527 312 2582 est
325 2508 454 2609 hyrtioss
467 2525 499 2580 et
516 2522 619 2607 pansa
634 2506 828 2581 consulibus
844 2508 1170 2612 biennio-postquam
1183 2542 1234 2586 ce-

167 2660 225 2705 sus
233 2648 284 2706 est
292 2629 396 2706 lulius
405 2632 555 2729 Caesar†
574 2628 702 2702 Natalis
712 2657 845 2729 quoque
856 2633 967 2705 ovidio
977 2635 1103 2706 Nasoni
1116 2653 1233 2734 poetae

167 2784 273 2829 annus
289 2756 376 2828 idem
390 2755 453 2826 fuit
469 2754 512 2826 Se
529 2754 662 2854 quidem
675 2771 836 2826 memorat
851 2770 967 2827 natum
981 2768 1120 2855 uterque
1135 2785 1232 2829 versu

168 2878 236 2951 isto
253 2879 338 2953 Cum
355 2877 473 2952 cecidit
487 2877 558 2950 sato
575 2871 693 2950 consul
710 2891 849 2977 uterque
867 2875 962 2975 parias
984 2879 1069 2952 Nam
1085 2879 1127 2952 ad
1152 2877 1232 2953 libe-

167 3002 308 3076 randum
326 3001 466 3074 brutum
487 2997 639 3074 consules
663 2994 818 3096 hyrtiust
846 3016 879 3071 et
899 3027 1002 3099 pansa
1026 3000 1117 3076 missi
1142 3004 1233 3102 apud

167 3126 333 3199 Mutinam
345 3124 527 3225 fugatoque
537 3120 686 3196 Antonio
695 3120 827 3259 pempti
839 3121 930 3219 sinus
951 3124 1042 3198 Haec
1055 3143 1134 3199 sunt
1149 3155 1232 3225 quae

167 3260 209 3333 ile
224 3258 353 3333 ‘libulli
370 3258 436 3332 vita
450 3256 596 3331 invenire
612 3259 732 3357 potui†
