2806 5002
375 455 664 516 annotarunt
686 453 1005 516 ARGUMENTA.
1184 453 1231 537 ciij

544 649 747 723 ELEGlA
781 649 846 721 vl.

233 832 338 915 Ejusdem
347 857 408 896 esse
417 834 568 909 annitere,
581 838 660 918 cujus
672 835 815 913 superior,
824 833 938 897 ridetur
947 833 1118 897 baec-Poeta
1127 835 1231 899 misere

205 933 271 994 atius
283 933 621 1010 uutucomminiseirur,
638 934 742 1016 quibus
758 946 807 995 aut
821 933 896 995 furta
910 933 1015 1014 puella
1026 956 1160 1018 arguere,
1182 951 1232 998 aut

205 1030 278 1089 uad
288 1032 426 1095 meliorem
442 1044 568 1093 mentem
581 1054 715 1094 revocare
731 1042 859 1092 conatur.
876 1031 1005 1093 Tandem
1020 1031 1116 1093 matris
1128 1032 1232 1111 puella

204 1130 325 1193 recordatur
337 1153 450 1193 summo
465 1154 531 1193 cum
551 1131 674 1206 allecto,
691 1154 779 1214 quum
796 1153 855 1192 earn
872 1132 1027 1194 studiosam
1043 1132 1089 1194 sui
1103 1145 1133 1194 et
1147 1155 1232 1196 amo-

204 1224 255 1286 tdus
266 1231 404 1314 propitiam
420 1242 553 1309 expertus
567 1241 651 1293 esset.

536 1438 734 1511 ELEGIA
766 1439 851 1510 tlt.

225 1622 265 1682 ln
276 1627 312 1685 U.
328 1626 364 1687 C.
383 1647 459 1711 727,
477 1626 655 1704 triumphum
666 1627 794 1688 Messalae
807 1627 1012 1709 Aquitanicam
1026 1642 1055 1691 et
1070 1629 1154 1691 simul
1169 1635 1231 1716 ejus

201 1721 282 1782 natm
297 1723 428 1784 celebrat.
452 1725 632 1797 Enumerat,
659 1724 737 1805 quod
757 1737 851 1802 poetae
868 1725 958 1788 lacere
974 1726 1095 1802 solent,
1121 1727 1184 1789 lona
1199 1728 1230 1788 in

199 1817 265 1895 tulos
276 1824 391 1884 ldessala
403 1837 540 1905 praeterea
551 1847 595 1886 res
606 1822 712 1906 gessit,
728 1834 768 1896 et,
781 1823 914 1906 AEgypto
927 1838 1165 1901 commemorata,
1178 1827 1230 1888 in-

198 1916 271 1982 tlditin
281 1925 395 1997 Osirin,
416 1944 500 2004 quern
513 1923 625 1982 tandem
639 1944 703 1983 curn
719 1924 805 2006 genio
816 1923 851 1982 ad
863 1923 937 1983 diem
954 1924 1072 1985 natalem
1087 1926 1231 1987 celebran-

197 2012 374 2096 ltnadvocat,
396 2036 431 2107 et
442 2046 497 2101 pro
515 2022 635 2083 Messala
655 2035 720 2085 vota
738 2022 814 2083 lacit.
834 2023 945 2085 Ordine
963 2024 1081 2086 sortasse
1098 2040 1174 2087 serta
1187 2041 1231 2089 est

197 2132 257 2182 tem
270 2147 331 2207 quse
345 2138 513 2203 supersunt.

515 2315 717 2389 ELEGIA
753 2317 865 2388 VIII.

220 2505 287 2582 Quod
300 2511 334 2572 ad
351 2522 466 2591 tempus
481 2509 604 2582 attinet,
626 2520 656 2568 te
672 2508 706 2568 ad
727 2521 834 2590 quartae
856 2523 1053 2591 argumentum
1075 2512 1158 2573 reser-
1182 2514 1228 2575 Ile

195 2621 259 2671 me
268 2610 387 2672 Haratbi
401 2610 432 2669 in
447 2608 580 2670 Pholoen
596 2607 656 2693 agit
666 2610 723 2669 boc
740 2630 861 2669 carmen.
879 2613 948 2671 Erat
961 2612 1105 2672 Marathus
1120 2613 1231 2674 multo-

194 2721 249 2783 τι,
265 2714 345 2773 et⁰mm
363 2710 477 2771 Tibulli
493 2709 567 2771 votis
583 2709 742 2785 expetitus,
760 2708 820 2787 ipse
837 2708 915 2769 cultu
935 2709 988 2770 sibi
1002 2722 1031 2771 et
1045 2724 1149 2770 ornatu
1167 2712 1229 2788 pla-

193 2819 253 2868 n:
267 2812 385 2892 queuis
397 2828 512 2894 gravent
522 2806 627 2886 puellae
639 2817 764 2868 ar'norern
776 2807 927 2882 incidisse,
943 2808 1039 2868 multis
1052 2809 1229 2892 argumentis

189 2917 254 2978 Μ
263 2907 486 2991 dupteltenderat.
499 2910 563 2968 Nec
575 2918 669 2968 tamen
684 2929 776 2967 novus
791 2906 839 2966 ille
851 2920 911 2967 erat
923 2928 1015 2981 amor,
1031 2908 1127 2969 seder
1142 2908 1229 2992 longa

187 3021 236 3066 ten
250 3008 374 3085 Pholoe,
396 3032 465 3092 quar
480 3007 560 3087 prior
576 3008 736 3069 formosum
753 3031 873 3091 puerum
884 3009 1081 3091 appetiverat,
1100 3031 1228 3096 consuess

181 3106 347 3174 ledrensem
358 3134 367 3171 t
378 3133 439 3194 quo
450 3109 617 3182 observato,
632 3109 745 3170 Pholoe
758 3109 794 3168 ad
806 3108 944 3186 puellares
956 3120 1030 3169 artes
1041 3110 1161 3183 edocta,
1173 3134 1227 3172 su-

175 3208 245 3286 Fl‘
258 3225 288 3274 et
301 3213 447 3274 fastidiose
460 3232 581 3289 puerum
602 3208 715 3284 babuit,
733 3232 852 3291 euntque
868 3210 950 3271 solita
969 3232 1033 3271 curn
1054 3211 1227 3285 ealliditate,

171 3311 245 3375 lodo
259 3313 363 3387 elusit,
384 3312 474 3375 modo
491 3309 668 3373 exmuciarit
693 3310 837 3372 lmmiscet
853 3323 936 3393 poeta
954 3312 1063 3374 monita
1079 3325 1109 3375 et
1125 3312 1229 3396 objor-
1358 3350 1360 3355 ,

165 3412 282 3495 ptimo
295 3414 419 3495 puella,
435 3436 473 3477 ne
488 3433 609 3493 Puerum
623 3411 671 3472 illa
686 3411 804 3474 ulterius
819 3423 959 3495 torqueat

530 3618 744 3695 ELEGlA
779 3618 846 3691 tx.

194 3816 245 3877 Ad
262 3815 395 3878 eumdem
414 3836 520 3876 annum
545 3811 702 3874 referenda.
720 3811 865 3871 Marathus
891 3830 990 3869 rursus
1012 3796 1118 3882 adest,
1141 3830 1226 3892 quem

146 3921 242 3983 hctoe
256 3918 345 4002 longe
361 3915 488 3978 exsulare
502 3914 596 3975 vellet
612 3911 697 3975 Pueri
713 3908 877 3977 muneribus
892 3907 1022 3986 corrupti
1038 3907 1182 3968 avaritiam
1198 3920 1228 3968 et

141 4018 298 4108 ,οὕτω
310 4018 433 4102 graviter
447 4026 559 4077 accusat
573 4025 658 4096 poeta
671 4032 680 4075 t
695 4010 763 4071 ltine
779 4009 879 4071 acerbe
896 4007 1042 4069 invehitur
1058 4006 1089 4067 in
1103 4030 1229 4083 corrup-
1334 4019 1339 4028 ·

140 4137 265 4196 twa,
280 4118 367 4201 eique
387 4116 458 4178 mala
473 4136 583 4176 somma
596 4123 784 4196 apprecatur,
802 4109 900 4173 uxoris
919 4108 1057 4171 adulteria
1073 4121 1104 4173 et
1118 4107 1229 4170 sororis

140 4218 358 4289 mlmt’nn·
372 4220 469 4282 Puero
480 4227 576 4279 autem
589 4211 788 4293 penitentum
802 4209 869 4273 laeti
883 4209 1027 4287 praedicit.
