2834 4996
121 384 123 389 ⁵
171 378 198 492 xi
546 432 605 492 nn
632 431 830 495 rmum

169 563 280 625 litteris.
297 567 409 628 Vocum
423 566 591 644 compendia
603 567 779 628 creberrima.
788 567 987 652 Dipbtbongis
1004 577 1096 638 caret3
1104 562 1134 642 s
1141 565 1172 626 in
1183 563 1239 626 tine

172 665 309 748 longum,
326 689 386 729 non
402 690 426 729 s.
444 666 647 728 Correctioncs
663 666 764 744 partim
781 668 810 726 in
825 667 890 749 ipso
906 679 1069 728 contextura
1085 688 1170 728 manu
1185 687 1237 728 oe-

169 764 281 839 cundo,
303 767 405 844 partim
426 765 546 847 margini
559 765 696 847 appositae
713 766 786 825 baud
800 766 949 828 indoctum
963 767 1090 846 produnt
1106 765 1235 827 scribom.

169 864 317 926 Nonnulla
335 864 387 927 sibi
402 866 517 949 propria
532 862 624 925 babet.
640 865 847 948 Frequentatur
860 866 1003 927 scribendi
1017 867 1090 928 ratio
1109 890 1115 925 :
1127 866 1234 944 jobsit,

169 963 301 1037 obscula,
317 988 371 1042 pro
378 964 468 1044 jussit
472 1009 483 1037 ,
496 964 600 1024 meula.
613 963 735 1024 Carmen
745 965 780 1025 ad
791 963 938 1026 Messalam
952 987 987 1025 ex
996 985 1032 1026 eo
1041 965 1123 1043 plane
1136 965 1238 1026 exulat.

168 1062 319 1147 subjectos
340 1064 471 1126 continet
491 1061 579 1121 laetos
604 1062 752 1125 Romanos
773 1087 840 1125 curn
861 1063 1050 1142 expetitione.
1072 1066 1154 1124 Hanc
1171 1065 1237 1124 Vita

169 1165 207 1223 T.
223 1164 347 1242 excipit,
363 1162 452 1226 rubro
467 1161 566 1221 colore
579 1159 678 1221 tincta.
693 1163 757 1224 Fol.
774 1161 950 1246 chonetat.
966 1163 1049 1247 Sign.
1065 1184 1097 1223 n.
1109 1162 1139 1237 4.
1160 1165 1238 1224 Nus·

55 1320 58 1331 ,
168 1284 251 1343 quam
268 1264 299 1322 in
315 1261 358 1323 bis
370 1258 450 1320 libris
466 1259 686 1322 distinctionum
702 1261 784 1344 signa
799 1274 974 1341 comparent.

208 1359 372 1423 Huschkius
390 1359 512 1440 denique
528 1372 632 1437 praeter
646 1358 834 1422 Parisieueem
850 1360 934 1423 etiam
949 1361 1129 1439 Lipsiensem
1143 1362 1237 1423 laudat

168 1462 423 1529 membranaceum,
441 1457 487 1517 hic
505 1459 594 1519 codex
606 1458 755 1520 Tibullum
766 1460 860 1522 solum
870 1460 1070 1542 complectitur
1079 1457 1236 1535 ,ividetur-

168 1580 224 1641 que
238 1559 273 1620 ab
286 1556 498 1637 imperitissimo
510 1557 625 1619 librario
637 1559 734 1622 saeculi
745 1562 801 1619 XV
814 1573 949 1622 exaratus.
960 1562 1051 1635 Nam,
1066 1558 1105 1619 ait
1117 1561 1237 1622 Husch-

54 1708 57 1713 .
167 1659 250 1731 lius,
267 1658 344 1719 inter
357 1655 498 1732 carmina,
516 1682 580 1741 quae
587 1658 705 1719 Tibullo
720 1659 817 1722 eadem
832 1680 918 1721 manu
931 1658 1068 1742 adscripte
1080 1671 1162 1732 aunt,
1175 1659 1235 1722 duo

167 1758 346 1836 reperiuntur
361 1757 485 1819 Tlaomae
501 1761 618 1821 Senecae
635 1759 784 1821 camenis.

209 1857 337 1917 Veniunt
347 1858 378 1917 io
390 1855 523 1918 codicum
534 1879 651 1918 censum
661 1859 745 1919 etium
754 1858 896 1922 editiones
907 1861 1027 1938 (iterum
1039 1881 1115 1920 nunc
1127 1859 1233 1942 Heynii

168 1958 261 2019 verbis
272 1956 416 2036 utimur),
427 1957 511 2020 variis
527 1957 696 2020 lectionibus
710 1981 726 2018 e
739 1957 819 2019 libris
831 1959 944 2037 scriptis
958 1959 1097 2036 excerptis
1111 1960 1145 2020 ad
1156 1981 1234 2020 mar-

168 2059 264 2139 ginem
274 2068 392 2118 noutae:
403 2055 504 2138 quibus
514 2069 608 2117 tamen
617 2078 683 2118 raro
693 2079 792 2141 magna
802 2057 871 2119 fides
881 2058 969 2118 tribui
980 2070 1095 2140 potest,
1106 2070 1232 2140 utsupra

168 2161 223 2240 jam
238 2157 379 2218 monitum
393 2169 446 2217 est.
462 2157 625 2218 Transcribi
639 2155 699 2218 lere
710 2157 849 2217 lectiones
864 2157 921 2218 illae
931 2168 1070 2236 excerpta
1084 2178 1118 2217 ex
1130 2178 1189 2218 uno
1201 2158 1232 2217 iu

167 2256 287 2317 alterum
298 2254 436 2334 exemplar
448 2257 560 2330 solent,
572 2275 633 2316 non
644 2255 710 2316 satis
720 2254 883 2340 diligentem
900 2255 1091 2318 admiscentur
1099 2257 1168 2331 alia,
1185 2268 1233 2317 aut

168 2356 369 2417 rescinduntur
376 2356 528 2428 nonnulla;
543 2370 602 2416 tum
610 2357 680 2418 fides
691 2368 721 2417 et
730 2357 868 2434 pretium,
881 2357 960 2440 quod
971 2358 1006 2417 iis
1017 2358 1101 2418 statui
1111 2356 1232 2435 debet,a

170 2456 315 2531 doctrina,
332 2478 397 2517 eura
409 2479 441 2518 ae
454 2457 509 2517 fide
524 2458 583 2538 ejus
600 2457 723 2535 pendet,
741 2457 791 2539 qui
805 2457 913 2536 primus
930 2479 946 2517 e
962 2458 1061 2519 codice
1076 2458 1171 2538 aliquo
1187 2480 1231 2519 eae

168 2557 288 2619 notavit.
300 2559 342 2619 At
352 2556 440 2619 libros
453 2558 575 2635 scriptos
587 2557 672 2618 docte
681 2578 713 2619 ac
723 2557 778 2618 rite
789 2555 940 2630 conferre,
956 2558 1034 2639 quod
1045 2557 1133 2643 vulgo
1144 2581 1230 2620 unus·

169 2657 288 2741 quisque
299 2657 329 2717 iu
344 2679 374 2718 ee
388 2657 507 2734 recipit,
523 2680 569 2719 res
579 2668 622 2718 eet
636 2677 744 2740 magnae
759 2657 899 2720 doetrinae
912 2669 943 2718 et
952 2656 1060 2740 ingenii
1072 2657 1169 2718 multis
1179 2680 1230 2717 va-

166 2758 272 2841 riisque
279 2758 486 2820 litterisversati
494 2757 707 2841 sagacitatisque
713 2779 775 2819 non
781 2756 1229 2841 vulgaris3imprimisautemartia

167 2859 487 2938 diplomaticae,criticae
495 2856 1013 2933 aclitterariae,notitiaimbutumesse
1022 2880 1093 2935 opus
1101 2869 1228 2932 eoteum,

167 2960 232 3040 qui,
245 2960 292 3033 id,
306 2960 385 3041 quod
398 2959 524 3020 ecodice
538 2957 709 3019 enotandum
722 2957 774 3032 sit,
786 2957 881 3020 videre
890 2969 920 3017 et
930 2957 1227 3019 animadverterevult

168 3057 246 3118 Alias
258 3058 406 3140 colligitac
416 3058 493 3119 tollit
504 3058 619 3133 sordes,
630 3079 729 3118 aurum
742 3056 887 3139 relinquit
898 3057 1091 3138 Reperiuntur
1099 3068 1206 3116 autem:

208 3158 243 3216 ln
267 3156 437 3218 bibliotheca
454 3157 606 3219 barberina
620 3160 745 3233 Romae,
767 3162 820 3231 (n.
835 3156 923 3216 Catal.
940 3156 1025 3237 hujus
1042 3152 1109 3215 bibl.
1124 3156 1225 3216 Romu

170 3253 265 3328 1681,
279 3255 330 3317 lol.
347 3267 418 3317 tom.
438 3258 488 3329 ll,
506 3279 534 3335 p.
551 3256 645 3335 464.)

167 3374 174 3395 ·
209 3356 312 3417 ntdtna
326 3354 422 3430 1502,
439 3379 502 3418 cum
518 3357 595 3417 notis
611 3370 640 3417 et
655 3357 738 3421 variis
748 3357 813 3418 lect.
825 3356 902 3419 MSS
917 3377 925 3414 ι
940 3376 1004 3436 quea
1015 3351 1091 3415 lorte
1102 3355 1144 3414 M.
1154 3353 1224 3439 Ant.

165 3457 272 3518 Poecbi
283 3469 371 3517 sunt:
388 3456 565 3534 transcripte
577 3478 619 3518 eoe
634 3479 648 3517 a
664 3455 760 3518 multis
777 3457 807 3516 in
821 3452 985 3532 exemplaria
999 3452 1059 3513 alia.

210 3563 244 3621 ln
256 3557 345 3619 Catal.
359 3557 438 3618 MSS
447 3556 537 3638 Angl.
550 3568 579 3617 et
593 3556 661 3617 Hib
674 3569 746 3618 tom.
761 3556 808 3632 ll,
825 3554 901 3615 inter
915 3553 1004 3615 libros
1015 3554 1093 3614 MSS
1105 3552 1222 3613 Eduard‘

167 3657 304 3718 Bernardi
319 3670 520 3720 memorantur.

207 3759 246 3819 N.
265 3756 353 3840 7502.
379 3757 523 3830 Catullus,
541 3755 698 3831 ll'ibullus,
715 3756 847 3833 Propert.
869 3753 904 3831 3,
922 3755 964 3830 4,
980 3752 1015 3828 5,
1031 3752 1139 3822 iidem,
1161 3772 1221 3810 curn

168 3857 247 3919 MSS
264 3857 369 3917 collati.

208 3959 244 4017 ln
263 3956 433 4019 bibliotheca
450 3956 619 4031 Bodleiana,
638 3959 717 4038 cujus
737 3955 890 4038 catalogus
913 3955 1117 4037 impressorum
1137 3951 1219 4013 editu:

167 4057 276 4120 Oxonii
290 4055 382 4141 1738,
395 4057 566 4135 locupletior
577 4055 729 4138 antiquiori
740 4054 775 4117 ab
785 4055 841 4117 Tb.
855 4055 939 4134 Hyde
948 4055 1120 4117 concinnato
1131 4054 1217 4115 Onon

155 4155 266 4242 1674,
283 4156 322 4218 ibi
339 4170 409 4219 torn.
429 4160 459 4233 l,
478 4179 506 4238 p.
526 4152 592 4218 206.
