2806 5002
168 436 202 474 xx
410 415 412 418 ’
554 408 613 468 DE
644 403 839 468 TlBULLl

169 569 184 596 s
201 541 249 600 lib.
261 542 338 613 Vll,
353 539 432 600 latini
444 541 582 599 sermonis
595 538 721 600 bonitate
733 539 799 600 satis
812 534 1080 609 celebrantes.
1093 535 1174 598 Auris

170 665 185 692 n
201 639 316 699 natione
334 636 496 698 Siculorum
513 637 671 708 oriundus,
689 659 749 699 nou
769 639 889 698 multum
905 636 940 699 ab
956 635 1048 697 istuis
1064 635 1164 698 seeculi

169 766 184 791 s
201 736 318 807 floruit,
338 758 420 796 versu
439 748 468 796 et
489 759 572 817 prosa
587 735 716 797 oratione
732 734 885 813 plurimum
905 734 996 795 valere
1015 733 1161 807 ereditus3

169 862 184 889 s
200 834 368 913 abepistolis
379 835 471 893 latinis
480 833 744 918 EugenioQuarto,
755 835 803 915 qui
811 833 900 896 lactus
907 845 950 894 est
956 832 1085 911 pontifex
1092 854 1142 893 an.
1156 853 1169 892 ι

170 961 185 990 »
204 947 233 996 et
248 933 319 995 obiit
337 929 425 1008 1446.
439 932 501 1013 (Cf.
516 931 660 994 Brouclh.
675 932 710 992 ad
727 934 758 1007 l,
769 955 805 1005 2,
823 929 901 1009 πως
918 926 981 1007 μ’*
996 930 1106 992 Senem
1119 930 1175 1012 qui

168 1063 184 1092 s
204 1037 238 1097 de
255 1057 313 1118 quo
330 1056 391 1095 non
406 1035 580 1115 exploratum
596 1046 651 1106 est;
668 1055 773 1096 nomen
788 1036 849 1116 ejus
863 1033 892 1092 in
904 1029 1071 1112 quibusdam
1086 1030 1175 1093 coditi

171 1163 184 1187 u
201 1135 325 1207 Tibulli,
344 1133 468 1206 Catulli,
485 1133 614 1218 Virgilii,
632 1133 804 1210 adscriptum
819 1143 949 1193 exstat».

207 1234 399 1295 Contendunt
412 1232 536 1292 editores
550 1232 695 1313 plerique,
708 1231 743 1291 ab
755 1231 798 1290 his
812 1231 880 1294 viris
891 1231 990 1291 malam
1001 1250 1118 1291 manum
1131 1251 1177 1292 em

65 1373 68 1384 ·
167 1326 1178 1412 dandis,velsupplendisreterumseriptorumiocisadhibitamesseup

166 1430 234 1490 licet
250 1429 455 1500 concesserim,
469 1427 564 1487 nullus
581 1440 675 1503 tamen
687 1427 758 1489 milri
774 1448 936 1511 persuasum
946 1424 1029 1486 fe'riet
1037 1423 1179 1503 interpola

167 1550 232 1588 nem
244 1527 350 1609 ubique
362 1527 506 1605 irrepsisse
520 1528 551 1588 in
566 1539 689 1600 textum,
706 1529 787 1610 cujus
802 1527 921 1610 margini
934 1525 1050 1587 nomina
1062 1532 1175 1587 eorun'

166 1626 269 1703 scripta
278 1638 345 1685 sunt
354 1648 362 1684 ι
372 1647 438 1686 nam
445 1644 545 1687 eorum
554 1627 758 1709 versuum,qui
769 1648 823 1704 pro
832 1623 1007 1703 interpolatis
1017 1622 1141 1685 habendi
1149 1644 1181 1685 su

166 1725 322 1785 secundum
346 1737 461 1786 nasutos
484 1725 620 1806 quosdam
637 1725 776 1799 editores,
792 1722 1009 1785 rnulti'illorum
1033 1720 1181 1783 nominet

165 1825 378 1898 cumieruntur,
394 1827 445 1907 qui
458 1828 512 1908 jam
527 1825 556 1885 in
573 1824 651 1885 libris
666 1824 799 1907 leguntur
810 1823 1022 1894 vetustissimis,
1037 1823 1077 1882 ila
1089 1833 1125 1882 nt
1138 1842 1182 1883 tn

164 1921 240 1983 sesto
251 1922 413 2000 Philelplri,
429 1921 569 1994 Pontani,
588 1933 617 1980 et
632 1920 764 1997 Aurispae
779 1931 890 1981 nutem
904 1919 1048 1980 excedant.

207 2023 355 2106 lleynius,
372 2025 420 2106 qui
433 2022 575 2106 Scaligero
588 2020 734 2083 nonnullis
746 2021 778 2081 in
789 2019 901 2081 delictis
908 2018 1041 2095 accessit,
1056 2018 1183 2100 paritert

164 2124 220 2186 tuit
234 2123 346 2184 codices
360 2146 459 2184 omnes
475 2144 508 2184 ex
520 2143 579 2182 uno
590 2120 718 2183 duxisse:
731 2146 746 2173 α
755 2121 898 2183 Nerullus
912 2131 1018 2181 exstare
1029 2119 1144 2182 videtur
1156 2140 1184 2181 at

167 2253 181 2278 n
202 2224 305 2306 quior,
323 2224 378 2283 nisi
399 2223 472 2284 lorte
499 2220 633 2306 Scaligeri
651 2233 780 2302 excerpta
795 2242 862 2283 eum
880 2221 1041 2304 fragmento
1058 2220 1185 2304 Cujsciar

169 2352 182 2375 »
202 2322 298 2384 neseio
312 2344 347 2382 an
364 2344 453 2382 unum
468 2342 585 2402 quoque
597 2320 709 2383 Heinsii
719 2321 837 2403 excipies
852 2321 1044 2405 Anglimnnm
1054 2349 1083 2380 a·
1095 2322 1140 2383 At
1150 2342 1185 2405 qe

198 2517 206 2545 ¹
220 2514 332 2566 Huscht.
346 2515 376 2567 de
391 2515 531 2585 conjectura
545 2516 676 2580 meminit,
690 2515 789 2590 prodita
802 2516 829 2567 iu
846 2514 950 2585 Is'pdena.
957 2518 1034 2571 liner.
1048 2514 1186 2571 eradunt

164 2620 196 2671 99
209 2620 230 2652 a.
246 2619 316 2669 1777,
329 2598 479 2672 amplificata
487 2601 518 2653 ab
530 2601 645 2653 Harlesio
656 2601 778 2676 supplem.
792 2600 824 2652 ad
836 2600 944 2653 brevior.
958 2601 1030 2653 notit
1043 2601 1142 2654 littemt.
1154 2603 1187 2655 Et

166 2682 194 2733 P.
210 2701 232 2734 r.
243 2704 267 2755 p.
277 2681 333 2752 347,
345 2681 392 2734 ubi
401 2682 488 2735 scribit
497 2700 503 2732 ι
512 2704 525 2727 u
534 2681 621 2735 Medio
634 2683 725 2735 seculo
737 2684 788 2738 XV
802 2682 887 2735 floruit
898 2682 1121 2753 quidam'l'nomes
1132 2681 1188 2735 Sett

168 2766 289 2826 Canrers,
300 2786 353 2818 non
360 2765 444 2818 latinis
451 2765 540 2833 modo,
551 2765 595 2817 sed
605 2765 680 2819 etiam
688 2766 790 2820 etruscis
801 2766 890 2819 litteris
898 2768 1100 2833 commendatus,
1111 2781 1188 2842 etpos

163 2851 231 2920 cujus
245 2852 322 2905 latina
331 2852 455 2906 habentur
466 2853 531 2905 inter
543 2852 654 2905 earmina
667 2851 802 2904 illustrium
814 2864 944 2925 poetarum
959 2853 1010 2906 ital.
1022 2853 1137 2907 Florem
1154 2874 1189 2926 tp:

164 2944 224 2983 tom.
238 2934 287 2999 IX,
302 2956 325 3006 p.
340 2936 379 3005 39.
393 2938 415 2986 ls
428 2937 472 3007 qui
487 2936 579 3002 Casii,
592 2935 718 3002 Arimini,
730 2934 857 2988 Bononia
870 2949 894 2988 et
906 2935 1042 2991 Florentia
1052 2937 1189 3005 domim!

166 3035 223 3067 eum
234 3016 348 3068 Porcello
362 3037 405 3068 seu
417 3018 543 3072 Porcellio
560 3020 669 3088 (dequo
679 3018 773 3073 multus
788 3030 823 3070 est
833 3018 919 3071 lenm
931 3020 958 3071 in
973 3020 1190 3077 Dissertaeioni!

166 3099 236 3152 sisne
248 3136 254 3161 ,
266 3113 326 3151 torn.
340 3101 368 3164 l,
387 3122 410 3172 p.
426 3105 527 3167 15·rr).
543 3103 661 3154 Studium
680 3103 821 3157 litterarum
838 3122 989 3175 graecarum,
1004 3124 1064 3174 ques
1082 3104 1191 3176 ignor&

166 3182 240 3234 stulte
251 3184 349 3255 sprevit.
362 3184 439 3251 Quod
450 3183 527 3254 igitur
539 3198 659 3254 uterque,
672 3187 772 3240 homiui
781 3187 874 3252 latino,
889 3188 975 3261 grecis
988 3209 1039 3241 non
1051 3209 1114 3263 opus
1123 3166 1192 3246 enei

167 3268 224 3320 teris
237 3280 328 3319 temere
341 3267 504 3340 predicabat,
521 3269 599 3320 immo
611 3269 693 3341 potius
707 3271 766 3324 odio
778 3271 863 3342 iraque
874 3273 901 3324 in
910 3273 1043 3326 Basinium
1053 3275 1193 3332 Parmeno«

166 3370 303 3420 graecarum
317 3351 456 3404 litterarum
468 3352 683 3418 amantissimum,
698 3354 883 3421 inflammatus,
897 3357 981 3423 huno,
995 3377 1071 3411 omne
1081 3371 1194 3432 tempus,

167 3432 254 3484 litteris
268 3433 353 3504 grecis
374 3446 568 3506 consumptum,
582 3433 689 3486 omnin'o
709 3434 846 3504 perdidisse
859 3436 1008 3490 clamitabat.
1026 3439 1161 3492 liminium
1175 3460 1195 3515 fl

167 3535 223 3567 vern
238 3528 324 3567 nactus
345 3528 381 3567 est
398 3516 585 3578 adversarium,
605 3515 649 3587 qui
668 3517 771 3587 quidem
792 3516 820 3569 in
840 3517 907 3570 binis
928 3520 1054 3592 epistolis,
1071 3521 1149 3574 altera
1160 3542 1196 3596 μ

166 3596 278 3649 oratione
290 3609 399 3663 exarata,
412 3597 488 3649 altera
496 3598 613 3670 poetica,
627 3598 654 3649 in
666 3617 715 3667 qua
728 3598 852 3665 ostendit,
865 3609 956 3666 poetas
968 3601 1065 3652 latims
1078 3604 1134 3653 siue
1144 3605 1197 3659 Μ

165 3685 256 3749 praem
270 3679 334 3732 nitet
342 3698 429 3746 posse,
440 3693 526 3731 contra
536 3693 670 3752 utrumque
680 3681 776 3754 stylum
786 3683 869 3745 acuit3
880 3682 908 3734 in
918 3695 1022 3754 utraque
1036 3697 1120 3738 auum
1130 3672 1198 3759 episi¹

173 3763 302 3814 Thomam
310 3761 433 3816 Senecam
443 3764 597 3826 Camertem,
608 3765 713 3817 nomine
722 3779 818 3821 unnim
826 3767 930 3819 Seneeae
937 3806 943 3834 ,
951 3768 1093 3840 adpellavit.
1101 3766 1199 3845 Hieigit

168 3846 265 3899 Seneca
278 3848 363 3899 forsan
376 3848 442 3914 iuit,
457 3848 501 3919 qui
516 3849 675 3921 interpolaret
692 3849 836 3914 Tibullum,
851 3849 1007 3923 Virgilium,
1022 3851 1136 3923 aliosque
1150 3872 1200 3927 με

168 3946 192 3986 et
209 3931 278 4002 cujus
299 3953 396 3986 nornen
416 3934 593 4006 adpingeratur
612 3933 722 3986 versibus
744 3935 898 4008 interpolatis
914 3958 936 3987 n.
950 3937 1095 3990 Huschkiut
1115 3938 1202 4012 subjifl'

170 4040 183 4063 «
197 4017 294 4069 Tamen
313 4017 435 4070 Senecam
449 4016 479 4068 de
500 4036 551 4087 quo
565 4018 647 4090 agitur
664 4018 740 4091 paulo
756 4019 877 4072 maturius
890 4019 1002 4073 floruisse
1016 4021 1203 4093 crediderim,i

170 4101 272 4170 quidem
291 4099 496 4174 interpolationes
511 4100 563 4172 ejus
576 4100 625 4172 jam
639 4113 758 4154 notantur
769 4101 798 4154 in
814 4102 899 4157 codice
911 4104 1005 4174 Paris,
1022 4105 1065 4174 qui
1080 4105 1204 4181 scriptur

170 4201 210 4233 an.
227 4185 288 4248 1423
302 4207 323 4235 ».
