2834 4996
181 472 210 554 uj
377 514 383 525 .
570 472 857 533 1111111111

178 600 275 661 uenire
293 600 410 661 lectioni
425 599 520 671 illius,
544 603 650 662 rectius
667 601 835 685 colligebat,
855 602 917 663 baec
942 602 1049 663 diversa
1067 625 1128 664 esse
1148 626 1248 665 exem-

179 701 273 782 plaria.
290 701 444 783 Quumque
462 702 614 763 lectionem
629 702 762 762 tributam
779 701 900 763 editioni
918 724 964 762 an.
986 702 1082 782 1474,
1098 702 1248 781 reperisset

180 800 211 860 in
227 800 352 862 editione
368 823 412 860 an.
433 801 528 883 1471,
548 824 608 863 non
625 800 782 873 dubitabat,
801 801 873 861 banc
889 800 932 860 illi
945 799 1124 862 substituere.
1145 803 1248 863 Hacte-

180 922 234 959 nus
242 914 334 969 recte;
347 901 441 962 sedita
451 901 581 963 noudum
591 899 820 982 intelligitur,ad
831 913 920 961 utram
927 900 1082 962 editionem
1091 923 1138 961 111.
1150 900 1244 985 1471,

179 999 348 1078 pertinuerit
360 1001 431 1061 illud
444 1001 651 1062 Almeloveenii
667 999 839 1081 exemplum,
856 1000 890 1059 ad
906 1003 1040 1084 majorem
1053 1021 1089 1058 an
1100 1000 1134 1061 ad
1151 1001 1245 1061 ruino-

180 1120 249 1159 rem.
278 1103 351 1160 Nam
366 1112 481 1180 utraque
501 1101 533 1172 l,
553 1117 595 1171 11,
618 1120 652 1171 a,
670 1097 754 1158 babet
770 1101 841 1158 cboa
865 1122 874 1157 .·
892 1099 936 1159 ed.
954 1099 1050 1182 1475,
1068 1120 1126 1158 ceu.
1144 1098 1189 1159 At
1199 1120 1244 1159 res

179 1214 293 1283 apparet
307 1221 341 1260 111
356 1200 444 1261 11111ο
462 1199 602 1276 Propertii
617 1198 684 1259 loeo
703 1199 760 1272 lV,
778 1215 858 1272 vrri,
873 1200 901 1274 4.

345 1346 394 1398 1111
407 1345 451 1397 ubi
464 1356 520 1398 tam
534 1366 601 1398 roroe
615 1365 667 1398 non
679 1346 744 1419 perit
756 1344 817 1398 bora
829 1363 915 1398 morae.

180 1483 241 1543 Ubi
256 1482 359 1540 iterum
379 1479 576 1542 Brnulrhusius
593 1481 714 1541 scribit:
740 1508 755 1535 «
767 1481 897 1560 prolecto
913 1494 1075 1559 poteramus
1092 1502 1154 1542 esse
1170 1502 1246 1542 con-

181 1582 254 1643 111111
271 1583 394 1641 lectione
408 1594 534 1641 veterum
551 1581 792 1656 membranarum,
808 1584 855 1642 bic
871 1584 920 1641 ubi
934 1594 992 1642 mm
1008 1604 1101 1656 rora,
1121 1603 1205 1662 quarn
1218 1596 1247 1643 et

181 1684 288 1741 Veneta
298 1680 387 1741 editio
397 1682 535 1756 servavit,
551 1695 580 1742 et
593 1681 639 1741 illa
650 1705 715 1765 quae
725 1684 861 1743 Venetam
872 1704 947 1744 anno
958 1704 1017 1742 uno
1028 1695 1218 1760 praecesserat.
1229 1710 1244 1737 ι

182 1784 251 1856 Quo
266 1783 331 1844 loco
347 1782 390 1842 ed.
408 1784 477 1842 min.
493 1805 538 1842 an.
558 1782 654 1867 1471,
672 1807 750 1846 num.
767 1788 831 1858 lll,
849 1783 952 1844 babet:
974 1785 1020 1842 bic
1034 1784 1088 1842 tibi
1106 1794 1245 1845 tartarea.

181 1884 226 1941 Er
245 1906 304 1963 quo
320 1896 449 1962 apparet,
466 1884 674 1945 Almeloveenii
691 1887 849 1966 exemplum
867 1906 927 1945 non
943 1884 1112 1961 pertinuisse
1124 1885 1161 1945 ad
1173 1885 1245 1947 banc

179 1980 344 2043 editionem.
357 1983 479 2044 Atenim
489 1983 533 2043 ed.
543 1986 684 2066 majorem.
696 1983 771 2066 1471
783 1983 1135 2056 ,sicutVenetaeditioan
1150 1984 1244 2069 1475,

179 2081 310 2155 exhibet,
334 2086 381 2143 lu'c
395 2086 514 2143 ubitam
534 2106 615 2143 nara.
632 2086 712 2164 Ergo
729 2082 934 2143 Almeloveenii
948 2085 1107 2166 exemplum
1122 2085 1158 2145 ad
1178 2086 1244 2147 edi·

179 2180 288 2241 tionem
303 2205 348 2242 an.
369 2183 468 2264 1471,
488 2205 564 2242 num.
581 2183 644 2251 IV,
665 2182 835 2258 pertinuerit
854 2205 967 2243 necessu
989 2195 1055 2242 est:
1073 2183 1129 2243 nisi
1147 2205 1244 2246 rerem

181 2283 287 2342 exstitit
303 2285 467 2361 Propertius
481 2304 556 2342 anno
577 2281 662 2365 1474.
681 2283 738 2342 Sed
753 2283 800 2343 bic
815 2306 829 2342 a
844 2285 957 2345 nemine
973 2297 1165 2359 memoratur,
1188 2285 1244 2346 nisi

181 2405 196 2441 a
214 2382 371 2456 munnio,
387 2395 458 2443 tom.
470 2386 482 2443 l
495 2407 540 2467 ,p.
557 2399 588 2455 1,
603 2404 664 2465 pag.
677 2380 752 2457 336,
770 2383 889 2460 decepto
901 2405 915 2442 a
927 2383 1075 2458 Fabricio,
1093 2384 1168 2446 Bibl.
1181 2386 1244 2445 Lat.

183 2495 254 2543 tom.
273 2485 308 2553 1,
332 2504 390 2564 cap.
410 2499 487 2556 xiv,
505 2507 534 2561 p.
559 2482 638 2566 259,
660 2482 704 2543 ed.
722 2483 825 2543 Hamb.
842 2484 888 2555 V,
906 2506 991 2564 quem
1005 2483 1128 2545 vicissim
1143 2485 1247 2547 delusit

182 2581 389 2642 Broulrbusius.
402 2583 568 2659 Propertius
579 2582 667 2665 igitur
680 2605 712 2644 ex
721 2605 797 2644 anno
811 2581 909 2659 1474,
922 2582 997 2643 abire
1009 2585 1118 2664 jussus,
1132 2604 1246 2659 secum,

184 2682 238 2741 nisi
258 2682 359 2755 fallor,
383 2682 489 2744 auferet
505 2682 652 2743 Tibullum
668 2684 876 2761 Bipontiuum,
901 2696 985 2764 atque
1006 2683 1076 2745 adeo
1101 2683 1247 2745 Catullum

184 2781 388 2843 Santeuianum
401 2805 435 2844 err
447 2782 491 2842 ed.
504 2784 591 2843 Rom.
602 2804 647 2842 an.
665 2782 758 2865 1474,
777 2806 841 2863 quae
851 2783 952 2860 passim
963 2783 1065 2845 citatur
1077 2783 1111 2844 ad
1119 2783 1247 2865 Elegiam

183 2906 199 2944 a
213 2884 367 2946 Laurentio
383 2905 513 2946 seorsum
527 2884 645 2955 editam,
664 2908 691 2944 v.
709 2906 732 2944 c.
750 2884 786 2943 ad
805 2907 832 2943 1.
853 2884 899 2966 75.
922 2884 1088 2944 Huscblr'us
1102 2884 1134 2943 in
1146 2884 1199 2946 hac
1215 2906 1247 2946 re

183 2986 409 3046 consentientem
424 2984 507 3046 babet
521 2984 716 3046 doctissimum
732 2984 843 3058 virum,
866 2985 1023 3066 Vanproet,
1040 2983 1244 3061 Parisieusem,

183 3105 316 3167 maguum
328 3109 399 3163 opus
412 3084 446 3146 de
459 3085 631 3146 editionibus
646 3106 711 3146 saec.
729 3085 796 3157 XV,
812 3097 953 3162 parantem
970 3098 998 3147 et
1015 3086 1246 3160 confirmantem,

181 3198 254 3247 teste
268 3186 394 3247 Bardilio
408 3186 570 3267 exemplaria
586 3186 631 3247 1111
645 3185 769 3258 Catulli,
784 3184 911 3259 Tibulli,
926 3186 1085 3263 Propertii,
1099 3186 1243 3270 1111474,

181 3307 333 3368 numquam
348 3284 495 3347 exstitisse.
828 3306 831 3311 '

378 3485 419 3554 V.
447 3480 556 3554 Ediub
575 3480 618 3553 V
611 3497 710 3567 coeto,
731 3511 784 3554 an.
809 3481 1046 3580 1475,111-111.

223 3636 330 3697 Catulli
348 3637 522 3698 Veronensis
546 3638 778 3720 Epigrammatou
795 3635 931 3697 Libellus.
953 3635 1033 3697 Albii
1059 3634 1175 3694 Tibulli.
1201 3656 1248 3714 eq.

182 3737 271 3797 Rom.
286 3737 394 3797 Poetae.
411 3737 457 3796 Cl.
473 3735 554 3795 Libri
571 3739 653 3814 (lv).
667 3736 809 3814 Propertii
827 3734 940 3796 Aurelii
956 3749 1055 3796 nautae
1073 3745 1172 3813 poetae
1187 3733 1249 3793 cla-

183 3836 286 3897 rissimi
310 3836 435 3919 1111ςί14
458 3836 538 3899 Libri
560 3838 638 3914 (IV).
662 3839 696 3896 P.
722 3837 833 3918 Papinii
858 3837 941 3897 Statii
967 3835 1080 3898 Surculi
1104 3834 1247 3895 Siluarum

185 3935 265 3998 Libri
279 3940 345 4018 (V).

225 4073 274 4134 At
290 4076 393 4135 calcem
410 4074 551 4152 Propertii
569 4074 694 4154 legitur:

223 4193 368 4278 Propertii
387 4193 497 4257 Aurelii
520 4204 603 4255 naute
620 4205 720 4271 poetae
740 4192 826 4266 bnis,
856 4190 943 4276 1475.
964 4193 1089 4270 Catulli,
1112 4187 1245 4263 Tibulli,
