2834 4996
425 456 681 527 enmrurro
709 464 949 528 unrronrs.
1178 464 1226 546 fiii

164 616 296 690 supm
309 586 416 663 voluit
429 588 601 687 affingere;
618 593 768 694 duosque
780 593 963 690 Scaligeros
976 591 1134 695 protulit,
1154 592 1226 667 Sto

165 704 313 806 phonos,
332 705 483 797 Donses,
499 709 724 796 Burmannus,
741 708 896 786 Vossios.

630 906 766 962 netto.

216 1039 273 1111 vs
289 1035 389 1110 minis
405 1065 455 1113 t„
467 1008 622 1115 rouro
643 1068 715 1141 qua
731 1040 846 1115 otuu
858 1039 1023 1114 nonme·

614 1229 781 1288 notros.
817 1264 821 1271 ·

216 1376 399 1450 Doctorum
415 1394 518 1466 certe,
535 1378 826 1481 prestantiumque
841 1379 995 1453 virorum.

624 1578 767 1635 DELIA.

216 1722 319 1794 lrnmo
333 1722 446 1821 potius
462 1721 697 1799 audaculorum
715 1740 751 1796 et¹
763 1739 1003 1822 protervorum

582 1929 815 1986 TtBrJLLth..

155 2092 161 2103 ·
219 2036 333 2128 Nolito
345 2054 473 2143 mirari,
491 2058 581 2157 qnod
593 2086 665 2131 mea
677 2056 773 2131 Delia
785 2055 851 2131 illis
865 2057 991 2131 insensa
1004 2058 1058 2132 sit.
1083 2057 1233 2156 Scaliger

169 2171 256 2246 enim
274 2174 426 2258 camdus,
446 2201 463 2247 e
481 2174 601 2274 quibus
618 2192 774 2248 aeternum
790 2173 854 2248 sibi
870 2202 990 2248 nomen
1007 2174 1078 2248 sore
1096 2203 1229 2276 exspec-

170 2287 275 2374 tabat,
291 2287 327 2361 in
341 2289 484 2363 minutas
496 2289 671 2390 discerpsit
685 2308 813 2389 partes;
831 2290 964 2379 deinde,
982 2291 1076 2392 quasi
1091 2293 1126 2365 in
1143 2321 1227 2367 urna

169 2402 397 2479 schedularum
419 2400 513 2479 fieret
528 2405 676 2494 sortitio,
696 2434 809 2479 omnes
830 2433 943 2479 versus
968 2406 1012 2479 ita
1037 2407 1167 2481 miscuit
1188 2434 1228 2483 ac

170 2516 332 2606 confudit,
345 2538 384 2593 ut
390 2520 455 2618 jam
467 2519 592 2594 nnllam
602 2521 748 2618 Elegiam
762 2521 922 2618 integram
935 2521 1073 2609 sineret,
1090 2521 1229 2597 somniis

169 2633 400 2710 conlisussuis.
415 2639 629 2711 Huncautem
639 2637 793 2711 facinoris
805 2637 893 2737 apud
905 2637 1027 2712 inferos
1038 2639 1227 2714 valdenunc
1316 2627 1319 2633 ’

169 2752 324 2849 poenitet,
341 2751 416 2825 licet
430 2750 508 2824 olim
520 2752 690 2850 magnifice
702 2752 871 2852 jactaverit
884 2780 955 2827 sese
968 2753 1085 2850 viginti
1101 2754 1228 2826 dierum

171 2865 282 2964 spatio
297 2863 365 2938 hec
381 2883 596 2968 perpetrasse.

634 3051 769 3105 netto.

225 3179 343 3276 Maiori
355 3180 464 3255 adhuc
480 3181 599 3255 damno
611 3209 664 3254 me
676 3179 785 3254 affecit
800 3182 844 3255 fl.
861 3184 958 3255 Voss.
974 3210 1063 3269 nam,
1081 3183 1172 3282 quod
1186 3183 1230 3256 ad

172 3291 374 3389 Scaligerum
390 3295 520 3383 attinet,
540 3294 664 3396 Vulpio
681 3295 876 3396 lleynioqne
890 3294 1083 3395 poenasluit
1101 3326 1108 3369 :
1126 3314 1161 3368 at
1174 3294 1231 3370 ille
1347 3364 1352 3371 .
1409 3332 1416 3343 ·

171 3408 246 3506 (qui
264 3426 370 3482 tamen
385 3410 584 3498 Gemunos,
601 3410 767 3508 eleganter
777 3408 910 3483 metrica
926 3409 1093 3497 versione,
1108 3411 1230 3485 amoris
1299 3474 1319 3499 Ι.

171 3526 279 3597 nostri
296 3526 473 3625 participes
495 3526 587 3621 lecit)
608 3555 661 3600 me
684 3526 769 3600 lecto
786 3525 1004 3611 descendere,
1028 3543 1067 3598 ut
1086 3554 1160 3600 mos
1181 3546 1231 3602 est

171 3637 311 3740 puellis,
331 3669 398 3715 non
423 3642 569 3740 patitur;
593 3642 740 3742 totisque
765 3639 887 3736 ingenii
910 3640 1037 3714 viribus
1061 3643 1230 3717 contendit

171 3755 343 3830 Tibullum
357 3757 527 3854 scripsisse
539 3755 687 3856 derepere,
705 3755 796 3856 quod
807 3781 907 3827 anum
917 3753 1078 3831 infirmam
1091 3757 1231 3835 fortasse

171 3868 325 3958 decebat,
341 3870 474 3944 minime
487 3898 565 3944 vero
579 3869 743 3968 juniorem
757 3866 912 3969 puellam.

597 4059 814 4118 rrnuntus.

226 4202 436 4291 Praemoneo,
450 4203 572 4290 editor,
591 4230 633 4276 ne
647 4201 723 4276 talia
734 4202 897 4278 admittas.
913 4203 1144 4278 Brouclrhusio
1159 4230 1234 4301 per-
