2834 4996
183 458 266 540 xxviij
575 456 633 516 DE
658 456 852 517 TlBULLl

180 591 257 653 notis
270 611 277 648 ε
289 587 339 649 sed
350 608 402 649 nee
413 588 480 649 inde
492 608 543 647 nec
556 587 676 649 omnino
690 586 725 649 de
739 609 792 649 suo
803 586 923 648 multum
935 586 970 645 ad
978 580 1124 648 TIbullum
1135 609 1236 650 ornan

181 692 249 751 dum
264 686 434 748 inmediurn
449 685 554 747 attulit.
567 713 584 739 n

220 811 236 838 «ι
246 782 342 847 Jonas
355 783 537 854 Gebburdus,
553 805 641 865 quum
648 781 900 844 animadversiones
908 803 970 843 snas
982 783 1181 860 concinnaret,
1190 805 1237 844 sex

176 886 289 949 codices
301 883 461 957 Palatinos,
476 905 541 944 eum
555 882 693 959 excerptis
704 903 720 942 e
733 882 899 947 membranis
912 881 947 942 ab
959 882 1040 943 Hier.
1056 883 1238 946 Commelino

176 983 377 1068 suppeditatis,
393 992 594 1059 usurpsverrc:
613 980 664 1041 sed
678 1002 731 1041 nec
747 981 890 1066 diligentia
910 979 975 1040 satis
992 1002 1106 1062 magns,
1122 1003 1175 1042 nee
1190 1004 1238 1042 sa·

178 1083 297 1167 garitate
313 1094 344 1144 et
359 1081 477 1164 ingenio
490 1101 521 1139 ea
537 1077 568 1136 in
581 1098 613 1137 re
626 1089 768 1139 versatum
782 1100 846 1138 eum
862 1101 923 1140 esse
939 1078 1091 1138 dicendum
1106 1091 1158 1138 est
1171 1109 1187 1134 s

221 1181 295 1240 «Vir
304 1180 423 1252 doctus,
435 1178 484 1259 qui
496 1175 753 1253 Cantabrigr'enssm
761 1175 1084 1248 editionemsdornavit,
1096 1179 1237 1238 motan-

176 1281 272 1353 densi‚
290 1301 306 1341 e
322 1299 380 1359 quo
397 1286 527 1352 excerpta
540 1273 625 1336 etiam
645 1274 741 1335 babuit
756 1274 969 1347 Broubbusius,
992 1274 1167 1351 Bodleiano,
1183 1299 1236 1338 va-

175 1378 311 1441 riantibus
325 1396 360 1435 ex
373 1373 478 1435 Aldina
491 1383 522 1433 et
535 1371 608 1434 libro
623 1373 744 1435 Ferrarii
760 1396 844 1448 usus,
863 1373 933 1434 nibil
949 1385 1043 1434 tamen
1058 1374 1237 1436 memorabile

178 1499 212 1538 ex
227 1476 262 1536 iis
275 1473 380 1536 attulit.
396 1500 412 1528 s
860 1472 864 1481 '

217 1600 233 1631 s
245 1574 340 1634 Jouus
349 1566 558 1645 Bisuttsortu,
570 1572 818 1656 elegantisingenii
827 1576 906 1636 viret
913 1574 1065 1635 multarum
1075 1575 1234 1648 literarum,

174 1674 248 1736 haud
264 1671 348 1733 dubie
364 1671 388 1731 is
403 1684 463 1746 est,
481 1671 528 1732 cui
544 1671 676 1733 Tibullus
690 1673 841 1751 plurimum
859 1674 960 1735 debet:
976 1675 1000 1736 si
1016 1698 1076 1737 oon
1092 1676 1235 1759 interpre-

173 1775 298 1845 tatione,
320 1785 414 1834 tameu
432 1772 623 1835 subsidiorum
644 1773 808 1835 criticorum
826 1787 967 1854 apparatu.
989 1778 1062 1837 Nam
1083 1801 1147 1859 quse
1167 1779 1235 1839 boni

174 1875 336 1954 interpretis
352 1895 454 1934 munus
469 1872 641 1954 postularet,
656 1895 755 1953 parum
771 1874 945 1951 exploratum
963 1874 1091 1938 habuisse
1104 1877 1234 1938 videtur:

106 2018 110 2027 ι
173 1997 228 2058 pro
244 1994 324 2036 more
338 1971 415 2032 enirn
431 1971 527 2032 saeculi
545 1971 588 2031 sui
607 1970 679 2030 nibil
694 1971 790 2044 ridet,
809 1972 887 2052 quod
901 1972 1098 2035 illustrandum
1112 1977 1165 2048 sit,
1180 1977 1234 2036 nisi

171 2073 221 2135 ubi
237 2074 268 2134 iu
283 2070 492 2153 exquisitionem
507 2069 645 2151 loquendi
659 2069 779 2131 sormam
794 2071 925 2131 inciderit
937 2084 986 2131 aut
1000 2072 1161 2133 varietatem
1173 2073 1235 2134 lec-

172 2172 261 2234 tionis
279 2169 450 2232 offenderit:
467 2181 529 2230 turn
543 2189 612 2231 vero
623 2170 817 2247 exemplorum
832 2169 907 2230 nube
919 2169 1040 2234 involvit
1054 2183 1084 2231 et
1099 2173 1233 2233 lectorem

173 2281 203 2330 et
216 2279 344 2346 poetam,
362 2266 426 2328 luce
437 2266 597 2338 interdum,
611 2288 695 2346 quam
705 2267 884 2348 expectabat,
899 2265 1034 2328 subducta
1050 2268 1136 2350 magis
1152 2290 1235 2349 quern

174 2367 262 2438 illata3
275 2364 428 2428 sententias
439 2364 573 2426 obscuras
583 2385 637 2425 nec
649 2364 770 2426 illustrat
783 2387 837 2426 nee
851 2365 911 2448 ipse
926 2365 1068 2448 perspicit.
1082 2369 1161 2427 Intra
1172 2369 1233 2429 sin·

173 2466 309 2548 gulosum
332 2463 536 2527 uocabulorum
558 2476 606 2524 aut
627 2464 852 2524 enuntiationum
872 2463 1012 2526 cancellos
1037 2465 1183 2549 ingenium
1206 2479 1234 2528 et

174 2566 298 2626 animum
314 2563 378 2637 ille,
396 2575 429 2624 ut
444 2561 572 2624 solebant
582 2562 637 2624 riri
654 2562 751 2635 docti,
771 2563 910 2624 continet.
932 2562 1068 2648 Scaligeri
1086 2565 1235 2626 recensio·

175 2682 261 2735 nem,
277 2659 372 2721 studio
387 2670 417 2718 et
429 2658 612 2721 admiratione
627 2660 720 2743 magni
734 2658 789 2720 riri
799 2672 930 2740 tanquam
940 2659 1087 2738 abreptus,
1102 2662 1236 2746 religiose

175 2759 276 2844 sequi,
293 2779 375 2840 qnam
390 2755 497 2840 judicio
517 2755 710 2839 librorumque
729 2758 896 2820 auctoritate
914 2759 958 2820 uti
975 2759 1081 2820 maluit.
1101 2762 1236 2823 Deseruit

173 2869 268 2916 tamen
287 2853 333 2916 vri
348 2853 389 2913 sic
406 2852 579 2936 Scaligerum
602 2853 633 2912 in
655 2853 801 2915 nonnullis
822 2855 903 2917 locis·
925 2858 988 2916 Nec
1004 2877 1073 2919 vero
1089 2858 1235 2940 quisquam

173 2955 243 3015 alius
258 2951 412 3035 majoribus
424 2951 561 3013 librorum
577 2951 666 3034 copiis
678 2952 731 3013 luit
742 2953 907 3016 instructus.
924 2956 997 3016 Nam
1013 2966 1042 3015 ct
1057 2958 1234 3034 superiorum

174 3066 334 3130 temporum
348 3049 505 3123 editiones,
517 3064 548 3114 et
558 3074 623 3133 quae
637 3075 653 3113 a
666 3051 758 3114 doctis
768 3052 852 3127 ritis,
869 3053 1007 3132 imprimis
1018 3054 1108 3116 Statio
1121 3066 1152 3115 et
1163 3057 1234 3115 Sea-

174 3152 281 3238 ligero,
297 3171 314 3212 e
329 3149 408 3209 libris
425 3163 520 3211 notam
533 3165 629 3226 erant,
645 3153 796 3236 diligenter
811 3153 949 3231 excussit,
964 3166 993 3217 et
1006 3156 1067 3235 ipse
1081 3176 1141 3216 uon
1157 3176 1233 3216 cou-

173 3246 339 3311 tomnendas
355 3245 449 3324 copias
472 3246 559 3307 domo
580 3270 676 3308 secum
694 3251 803 3324 attulit3
823 3263 881 3312 tres
899 3250 986 3312 libros
1007 3272 1091 3312 manu
1110 3265 1234 3316 exaratos

172 3344 335 3427 possidebat
347 3345 507 3407 chartaceos
517 3357 548 3404 et
559 3361 687 3407 recentes
700 3362 724 3420 ¹,
740 3362 869 3426 excerpta
880 3348 969 3432 Lipsii
983 3371 998 3411 e
1011 3350 1155 3413 codicibus
1169 3356 1233 3414 llo-

174 3446 264 3507 manis
278 3467 294 3506 a
309 3447 407 3506 Dones
427 3444 461 3505 ad
484 3443 637 3527 marginem
653 3444 786 3506 editionis
802 3447 986 3510 Pununisnss
1002 3449 1154 3529 descripta;
1174 3451 1233 3514 (luo

174 3544 339 3606 Wittiauos
354 3540 596 3615 membranaceos,
610 3563 734 3625 qnorum
747 3545 865 3608 alterum
882 3548 960 3608 ὂοπω
976 3559 1049 3610 nota
1062 3550 1163 3610 Ιίὁνωιι
1176 3571 1233 3612 vo-

172 3654 236 3712 cat;
262 3643 399 3704 variantes
419 3641 555 3702 lectiones
577 3662 612 3700 ex
634 3641 803 3705 Colbertino
825 3645 936 3718 codice;
956 3647 1022 3707 alias
1046 3649 1181 3710 variantes
1200 3667 1234 3709 cs

176 3738 286 3803 Codice
298 3739 384 3799 Msto
395 3760 411 3797 a
422 3738 505 3799 docta
514 3760 597 3798 mann
607 3738 637 3799 in
647 3739 781 3802 editionis
792 3741 945 3802 Brixiensis
957 3744 1110 3827 marginem
1124 3745 1230 3821 allatas3

174 3839 312 3900 variantes
334 3837 469 3898 lectiones
486 3859 503 3898 e
519 3837 617 3899 codice
639 3839 718 3900 Guil.
739 3840 844 3914 Laudi,
865 3840 1082 3924 Archiepiseopi
1106 3843 1233 3905 Cantus-

171 3938 289 4011 tienne
312 3937 452 4029 variantes
471 3938 609 3999 lectiones
629 3960 645 3998 c
666 3938 745 4002 libris
768 3941 879 4019 scriptis
894 3957 1036 4027 excerptas
1061 3968 1076 4005 a
1098 3946 1138 4004 M.
1162 3948 1232 4005 Ant.

207 4175 215 4201 ¹
235 4168 304 4223 Vids
315 4168 396 4238 inira,
408 4190 434 4241 p,
445 4183 538 4239 mlx,
552 4166 598 4224 ubi
609 4168 734 4225 deBerol.
749 4190 778 4240 a,
791 4170 822 4239 3,
834 4171 941 4244 agimus.
