2834 4996
181 456 218 514 ro
502 406 654 515 nunu
685 450 916 518 ulnunnr

173 596 299 680 Janna,
318 593 381 689 jam
399 609 511 692 pateas
530 591 588 664 uni
605 589 686 663 mihi
705 590 789 663 vieta
808 589 971 690 querelis,

223 715 296 785 Neu
314 711 428 783 sortirn
446 739 540 784 verso
560 708 690 782 cardine
707 726 819 808 aperta
837 736 949 781 sones.

174 827 219 897 Et
237 825 320 899 mala
337 826 365 898 si
384 854 447 926 qua
468 825 528 897 tibi
547 824 630 897 dixit
648 823 811 903 dementia
827 840 962 910 nostin,

224 941 397 1033 ignoscam
417 938 515 1038 capiti
533 937 618 1022 sint,
636 966 772 1038 precor,
792 936 847 1011 illa
866 964 948 1009 meo.

173 1056 222 1127 Te
240 1055 426 1128 meminisse
442 1055 555 1141 decet,
576 1082 648 1153 quae
665 1051 807 1153 piurima
823 1080 901 1125 voce
919 1049 1033 1151 peregi

223 1169 398 1271 supplice,
419 1200 520 1270 quum
537 1172 627 1271 posti
644 1170 743 1244 ssorea
762 1186 848 1243 serta
866 1168 986 1241 darem.

171 1288 225 1359 Tu
243 1315 376 1387 quoque
392 1314 434 1359 ne
452 1285 564 1358 timide
582 1287 753 1372 custodes,
771 1284 884 1371 Delia,
904 1284 988 1358 salle.
1212 1305 1245 1357 15

221 1401 422 1474 Audendum
439 1417 498 1474 est.
517 1401 633 1474 Fortes
651 1400 783 1499 adjuvat
799 1401 870 1501 ipsa
888 1402 1010 1473 Venus.

204 1579 228 1631 9.
240 1561 336 1611 Paleas
345 1562 420 1610 vr'cta.
434 1556 546 1620 Intrat,
560 1555 633 1627 Eieg.
645 1576 681 1622 v,
731 1556 859 1609 invenisse
867 1566 977 1611 testatur
983 1555 1155 1611 Arusianus
1161 1556 1243 1612 Com·

170 1658 206 1689 vs.
218 1637 249 1705 67
259 1676 267 1702 ,
277 1656 322 1688 nec
336 1639 418 1689 verbis
431 1641 501 1687 vt'cla
510 1635 618 1700 fatescit
631 1639 681 1689 Ja·
731 1647 813 1689 ment.
827 1636 853 1688 in
868 1635 963 1688 Catuli.
980 1654 1005 1703 p.
1020 1634 1076 1687 udo
1092 1635 1242 1690 Beuum.

170 1731 240 1776 nm
256 1713 300 1766 ubi
310 1715 421 1765 maxima
433 1714 559 1766 librorum
569 1714 682 1783 panita-
730 1715 798 1766 -J.
813 1714 849 1766 H.
859 1716 936 1766 Voss.
948 1712 1087 1766 lectionem
1097 1715 1182 1782 stoma
1194 1732 1243 1784 pu-

172 1793 217 1845 bet
229 1798 347 1859 patescet.
358 1794 450 1862 virgil.
463 1794 560 1864 Georg.
573 1797 602 1861 l,
619 1798 680 1858 180,
731 1793 796 1846 riter
807 1793 940 1862 ampiexus
949 1802 1003 1854 est;
1017 1790 1062 1846 sed
1076 1791 1134 1845 ioco
1143 1805 1182 1847 τοῦ
1193 1795 1243 1845 du-

171 1869 204 1922 do
218 1890 277 1924 area
290 1870 498 1940 complananda,
523 1874 562 1924 Ne
577 1875 685 1923 subeant
729 1892 780 1924 rem
789 1872 1019 1941 reposuitdabanr,·
1031 1869 1241 1940 pretexeushoe,

169 1952 270 2007 herbe,
297 1970 344 2001 nen
358 1953 460 2016 puluere
482 1955 551 2005 victa
562 1951 681 2018 fatiscat.
730 1949 1240 2020 ortioneminfinitam,vei,utiticsupe,

171 2028 236 2095 Quo
247 2027 304 2079 ioco
316 2027 436 2097 Heyuius
444 2028 553 2078 verbum
563 2034 682 2081 uictaor-
731 2028 869 2094 repetitam
877 2027 1039 2095 significare,
1054 2026 1119 2080 iliud
1126 2046 1242 2082 veroun-

168 2118 246 2159 uatus
258 2124 333 2159 causa
345 2103 477 2172 adjectum
490 2105 532 2156 ait.
546 2104 600 2157 sed
613 2109 685 2156 vitici
731 2103 830 2156 tionem
851 2103 996 2157 definitam.
1019 2104 1056 2157 At
1076 2104 1112 2157 Η.
1128 2106 1205 2158 Voss.
1225 2123 1240 2157 a

169 2206 200 2238 ex
209 2205 257 2237 usu
267 2194 405 2254 poetarum
418 2183 544 2235 universe
556 2182 681 2235 dicuntur
727 2180 875 2233 doctissimo
897 2183 954 2233 viro
978 2182 1114 2235 Huschkio
1138 2182 1239 2253 optime

167 2282 209 2315 res
216 2261 304 2315 solidae
313 2271 338 2313 et
346 2260 447 2323 clausu,
455 2260 498 2311 ubi
508 2259 680 2328 aditumprae-
726 2258 871 2322 reseiiitur;
885 2260 905 2312 is
921 2261 993 2313 enim
1013 2261 1096 2315 tribus
1114 2260 1240 2333 exemptis

166 2343 246 2405 bent,
259 2340 298 2393 vei
307 2348 449 2408 patescunt.
462 2337 592 2390 Pindarus
603 2337 679 2389 Nem.
726 2336 890 2390 demonstrat
903 2340 1033 2406 potiorem
1051 2358 1107 2392 esse
1124 2350 1240 2393 senmu-

169 2421 225 2485 lx,
236 2439 265 2483 a,
278 2418 310 2471 de
319 2419 398 2486 janua
407 2415 527 2470 Chromii
536 2414 679 2483 hospitibus
726 2415 789 2467 tiam
803 2416 949 2470 secundum
963 2437 1043 2486 quam
1056 2418 1239 2486 conjunctivus

167 2509 274 2568 patente
299 2518 305 2551 τ
328 2498 370 2552 Μ’
393 2499 577 2561 interveniunt
600 2502 679 2562 ξείνων
726 2512 831 2560 quoque
848 2494 1154 2563 frequentiumdenotnt.
1168 2497 1240 2550 Dixit

168 2583 294 2630 νινίιιανται
308 2579 388 2629 Su'mt.
408 2573 535 2625 Httscttl.
726 2572 798 2624 enim
810 2574 914 2639 Varro,
927 2574 959 2626 R.
971 2574 1001 2626 R.
1012 2573 1056 2627 iib-
1071 2575 1113 2628 lii
1124 2614 1132 2639 ,
1145 2594 1156 2628 ι
1167 2576 1240 2630 :Fut

206 2672 243 2707 ιο.
258 2653 320 2703 Neu.
338 2600 371 2703 is.
385 2649 471 2703 Vossii
486 2649 585 2717 primns
598 2647 679 2701 codex
724 2661 832 2716 tempus,
844 2670 982 2717 quamtum
989 2655 1099 2704 colerent
1106 2655 1235 2715 hom'm,

168 2731 247 2785 habet
257 2748 316 2789 nec,
329 2729 387 2783 loeo
400 2739 506 2789 neuneu,
518 2726 677 2796 quodetiam
724 2731 1021 2797 nequeurbemhabeoeut.
1030 2729 1238 2799 Reliquaerem·

166 2810 276 2865 editioni
289 2809 350 2861 anni
367 2811 427 2878 ¹47²
439 2808 515 2861 inest.
725 2807 767 2875 pia
780 2826 836 2859 non
851 2827 916 2877 opus
928 2819 997 2862 sunt
1013 2808 1142 2875 Baebius,
1159 2810 1238 2865 ttns-

203 2911 241 2942 ιι.
256 2887 298 2941 Ad
313 2888 384 2941 hune
401 2906 525 2951 versum,
544 2883 677 2938 Brourlrh·
724 2884 799 2937 chkio
806 2886 987 2950 consentiens,
999 2885 1080 2938 fusius
1089 2885 1122 2939 de
1134 2906 1184 2941 usu
1195 2887 1238 2940 ini

166 2987 217 3035 qua
225 2966 375 3036 garrulitate
388 2976 443 3030 est,
455 2967 559 3021 nultum
570 2973 677 3016 amato·
725 2963 828 3016 dieativi
840 2974 866 3017 et
877 2965 1037 3031 conjunctivi
1052 2964 1165 3019 disserit.

166 3062 223 3095 rem
243 3040 347 3096 silentio
366 3044 510 3111 preteriit,
531 3058 676 3109 omnesque
760 3040 796 3092 ιθ.
811 3040 893 3093 Deest
907 3041 949 3093 hic
964 3060 1053 3094 versus
1065 3041 1093 3093 in
1108 3039 1196 3095 Coiet
1210 3050 1238 3094 et

165 3117 313 3185 iaudat,qui
323 3119 434 3185 antiquis
446 3118 606 3187 temporibus
615 3127 675 3170 onte
725 3119 785 3171 Atd.
799 3123 869 3172 1515.
884 3120 983 3173 Statius
995 3138 1059 3174 eum
1070 3138 1178 3191 quoque
1190 3121 1237 3174 du-

166 3193 336 3262 pueiiaesores
346 3197 474 3263 porrecti.
485 3197 550 3264 posti
560 3194 676 3247 convicia
725 3198 824 3250 mnavit
839 3217 845 3230 ·
859 3221 872 3243 «ι
886 3199 945 3250 Hoc
955 3216 1018 3251 vero
1031 3208 1118 3253 tutum
1128 3217 1185 3252 uon
1197 3207 1237 3251 eut

165 3271 349 3338 fuerintne!
364 3271 500 3326 blanditias
514 3273 675 3341 ingesserint.
724 3275 801 3345 hujus
828 3288 911 3345 poetae
935 3284 1046 3344 γνήσιον,
1074 3294 1235 3348 quemquam

204 3371 239 3402 ra.
254 3352 622 3417 Capite'sint.precor,illameo.
633 3351 674 3403 De
723 3354 823 3422 seriptis
836 3355 863 3406 in
877 3354 947 3406 libris
960 3355 1066 3425 tegatur.
1080 3378 1094 3400 u
1110 3355 1165 3409 Sed
1173 3373 1235 3425 pace

164 3425 335 3480 haesormuin
347 3426 406 3479 vide
418 3429 548 3496 egregiam
564 3429 675 3481 Henrici
723 3431 819 3499 Statii,
842 3434 993 3498 sententia,
1015 3453 1073 3502 qum
1096 3433 1158 3488 huic
1178 3434 1235 3488 loou

164 3504 256 3574 Steph.
270 3503 474 3572 disputationem
485 3505 511 3556 in
520 3505 599 3557 Thes.
613 3504 674 3575 ling.
722 3509 799 3574 inest,
807 3511 960 3579 perantiqua
969 3510 1079 3564 videtur.
1088 3513 1189 3565 Utrum
1198 3511 1236 3566 Si-

164 3599 239 3652 graec.
251 3591 315 3633 tom·
328 3579 373 3645 Π,
388 3600 411 3649 Ρ·
426 3583 479 3653 149·
723 3588 842 3641 munides
851 3590 920 3641 iilam
929 3591 1028 3659 primus
1040 3590 1189 3659 protulerit,
1201 3606 1235 3643 an

94 3672 96 3683 '
199 3660 236 3711 13.
249 3661 410 3726 Voce-peregi.
420 3660 479 3711 Hoc
487 3670 540 3712 est:
550 3659 610 3723 dixi,
619 3680 675 3728 pre·
722 3667 785 3719 alius
796 3679 871 3735 poeta
879 3687 985 3736 grurus,
997 3669 1095 3737 pendet
1107 3688 1137 3722 ex
1148 3670 1237 3723 ineer-

162 3747 234 3791 catus
247 3755 322 3797 sum3
340 3734 445 3803 Livius,
460 3738 490 3804 l,
504 3759 559 3808 cap.
572 3743 674 3793 atinez
723 3753 748 3795 ta
767 3743 878 3796 tectione
898 3745 965 3813 apud
988 3744 1127 3798 claudian.
1144 3745 1235 3799 Caum.

160 3823 261 3875 cetera,
289 3826 318 3868 u!
327 3836 399 3868 orsus
414 3825 469 3870 crat
480 3857 486 3878 ,
507 3825 628 3885 strepit:
647 3831 673 3872 et
722 3823 813 3888 XLII,
827 3843 862 3876 vs.
873 3844 903 3894 9,
914 3826 958 3878 ubi
968 3826 1048 3896 vulgo
1056 3825 1145 3879 editur
1156 3847 1162 3879 :
1173 3830 1237 3880 Fors

160 3913 216 3963 rap.
233 3893 264 3960 37
280 3914 286 3946 :
301 3900 402 3961 peraget
416 3897 506 3948 deusde
517 3900 671 3961 postulatu,¹
714 3900 792 3964 juvat
807 3904 944 3961 audentes,·
964 3904 1011 3954 Cei
1020 3909 1145 3955 sententiis
1158 3909 1233 3956 vatris.

161 3972 220 4025 vide
234 3971 312 4026 ovid.
325 3973 393 4025 Fast.
407 3974 491 4038 V,.vs.
503 3974 561 4027 680.
579 3974 672 4028 Ηιιιι.
721 3977 792 4030 Sunt
808 3978 853 4045 qui
871 3979 959 4047 tegant
973 3987 1058 4046 prisci
1073 3987 1159 4041 sutis,
1182 4000 1234 4051 quo

197 4051 233 4115 ιζ.
246 4051 335 4101 Horta
346 4060 422 4101 serta.
438 4077 472 4090 -
489 4050 594 4102 dioride
604 4061 673 4104 serta
722 4056 840 4109 Ennium
850 4057 979 4127 designari
987 4070 1075 4113 censet
1085 4059 1232 4126 Columna,

157 4126 314 4196 sicquidem
324 4128 406 4180 nostri
416 4128 473 4181 iibri
484 4147 490 4180 :
501 4138 588 4181 tamen
602 4131 672 4184 malo
721 4153 746 4202 p.
767 4135 830 4199 134:
849 4135 911 4187 dixit
926 4137 998 4188 enim
1015 4137 1136 4204 Ennius,
1150 4142 1235 4192 l‘brtr'-

146 4206 247 4272 storea,
262 4204 335 4276 quod
342 4205 370 4260 in
381 4206 434 4260 suis
447 4207 632 4275 manuscriptis
643 4227 671 4263 se
720 4214 767 4262 bus
779 4221 820 4263 est
828 4213 940 4267 Fortuna
950 4219 1028 4268 mmet
1038 4219 1108 4268 data.
1121 4217 1232 4271 Huscn.
