2834 4996
347 443 656 508 TESTIMONIA
684 447 744 507 ET
772 447 985 512 JUDlCIA.

299 578 394 629 Fratris
405 576 433 630 in
445 577 537 629 AEnete
551 577 586 628 sic
598 576 674 629 illum
683 578 771 629 iuuere
787 576 873 630 dieunt

333 669 468 743 Egressum
481 669 552 722 tectis
562 709 570 735 ,
582 668 686 742 pulcher
699 669 769 734 liile,
781 670 839 722 tuis.

300 759 353 813 Nec
362 761 447 814 minus
460 773 496 812 est
508 761 612 813 confuse
620 761 722 827 Venus,
736 762 861 813 moriente
874 761 993 828 Tibullo,

334 851 418 921 Quem
431 850 519 921 juveni
531 850 598 923 rupit
607 872 686 922 quum
699 854 766 905 serus
780 853 877 926 inguen
889 873 956 925 sper.

301 944 335 993 As
346 942 412 994 sacri
420 955 503 1008 vetes,
518 954 543 994 et
555 940 652 994 Divum
663 962 722 994 eure
733 962 853 996 vocemur
864 963 871 996 :

336 1033 403 1086 Sunt
415 1033 508 1097 etiem,
521 1033 568 1105 qui
579 1052 626 1086 nos
639 1053 737 1087 numen
749 1034 842 1088 bebere
856 1047 951 1110 putent.

306 1123 408 1176 Scilicet
420 1142 495 1176 omne
508 1143 607 1177 ssccusn
618 1142 686 1176 mors
697 1126 840 1198 importum
852 1127 986 1198 proluunt:

335 1215 463 1269 Omnibus
473 1217 591 1299 obscupes
602 1215 685 1286 injicit
697 1216 742 1270 ills
755 1237 851 1269 merrus.

304 1307 373 1376 Quid
388 1320 456 1378 peter
469 1308 592 1373 lsmsrio,
605 1306 669 1377 quid
682 1321 759 1360 meter
770 1307 866 1380 profuit
877 1307 1000 1382 Orpheo?

337 1397 456 1452 Cermiue
470 1397 533 1469 quid
542 1397 621 1450 victas
634 1397 790 1471 obstupuisse
801 1397 885 1451 letes?

305 1489 416 1542 AElinou
428 1490 455 1542 in
468 1489 538 1542 silvis
549 1489 618 1542 idem
632 1502 716 1565 pater,
731 1489 824 1542 AElinu
848 1530 857 1558 ,
870 1489 925 1544 altis

334 1582 438 1636 Dicitur
450 1582 529 1635 invite
542 1582 698 1636 concinuisse
709 1584 774 1656 lyce.

306 1674 395 1744 Adjice
407 1674 570 1741 lllseoniden,
583 1694 597 1726 e
609 1695 676 1746 que,
689 1693 735 1727 ceu
747 1676 816 1726 lente
829 1676 951 1749 perenni,

332 1765 426 1817 Vatum
440 1763 531 1817 Pieriis
542 1785 587 1817 ors
597 1765 711 1838 rigentur
719 1765 807 1836 squis3

302 1854 378 1906 Hunc
391 1876 491 1927 quoque
503 1875 602 1909 summe
611 1855 664 1908 dies
679 1856 753 1929 nigro
768 1856 902 1909 submersit
912 1859 1030 1920 Acetum

335 1945 481 2019 Diffugiunt
492 1947 580 2000 svidos
593 1947 705 2000 carmine
716 1947 769 1999 sole
781 1967 863 2020 rogos.

303 2035 384 2088 Durat
397 2057 459 2110 opus
470 2051 572 2103 samm,
583 2038 689 2110 Trojeui
701 2038 768 2090 seme
780 2037 885 2105 laboris,

335 2126 468 2198 Tardaque
480 2142 604 2181 nocturno
617 2128 666 2181 tels
680 2140 772 2181 retexta
783 2127 851 2180 dolo.
934 2151 937 2154 “

306 2214 348 2268 Sic
366 2216 480 2268 Nemesis
492 2216 611 2288 longum,
624 2217 660 2270 sie
669 2217 744 2268 Delie
756 2237 851 2269 nornen
862 2215 1001 2283 habebunt3

335 2305 437 2372 Altera,
450 2327 509 2359 cure
521 2326 626 2371 recem
640 2307 733 2374 sltem,
743 2307 839 2380 primus
852 2328 930 2360 emor.

304 2398 374 2466 Quid
389 2419 434 2452 vos
446 2419 514 2453 secra
527 2398 636 2469 juvent?
648 2400 710 2470 quid
724 2419 794 2453 nuuc
804 2399 928 2474 AEgyptia
940 2414 1044 2474 prosunt

335 2490 431 2542 Sistra?
445 2491 508 2561 quid
520 2491 548 2542 in
559 2510 640 2544 vacuo
652 2490 794 2544 secubuisse
805 2489 879 2545 toro?

303 2579 392 2647 Quum
402 2580 500 2652 repient
512 2580 581 2634 mels
589 2582 638 2633 istc
648 2580 744 2648 bonos,
757 2581 879 2652 ignoscite
891 2584 968 2650 sasso,

335 2669 466 2724 Sollicitor
479 2672 562 2724 nullos
575 2691 627 2725 esse
640 2686 725 2745 putere
739 2670 815 2724 Deos.

302 2763 367 2816 Vive
382 2765 454 2836 pius;
468 2764 577 2817 moriere
590 2766 662 2839 pius:
675 2765 729 2818 cole
740 2784 823 2829 sacru
836 2765 962 2817 colentem

336 2858 406 2909 Mors
420 2857 502 2929 gravis
515 2878 530 2909 a
543 2857 642 2929 templis
655 2858 684 2910 in
695 2877 757 2915 ‚cava
770 2856 842 2909 bustu
855 2856 944 2909 trehet.

306 2945 466 3000 Canninibus
477 2946 576 2999 confide
588 2947 662 3000 bonis
673 2967 680 3001 ι
692 2946 758 3019 jacet
770 2966 826 3000 ecce
838 2945 962 2998 Tibullus.

333 3038 383 3091 Vix
397 3052 481 3090 menet
493 3059 506 3090 e
519 3052 589 3091 tanto
600 3059 677 3110 parve
685 3038 756 3108 quod
768 3056 832 3090 ucne
844 3037 916 3110 cepit.

303 3126 386 3192 Tene,
401 3147 469 3181 sacer
483 3131 571 3196 Vates,
584 3129 694 3182 {lemme
706 3147 808 3200 rapuere
822 3125 935 3198 rogales;

335 3219 480 3272 Pectoribus
490 3214 557 3294 posci
570 3241 616 3272 nec
628 3221 733 3271 timuere
745 3217 813 3272 tuis?

303 3313 388 3364 Aures
398 3324 541 3365 sanctorum
552 3312 691 3387 potuissent
703 3311 796 3385 temple
806 3311 921 3363 Deorum

337 3401 429 3467 Urere,
444 3421 500 3472 quse
510 3415 608 3455 tentum
620 3402 760 3455 sustinuere
772 3402 849 3453 nefas.

303 3493 400 3543 Avertit
412 3492 512 3559 vultus,
527 3492 614 3566 Erycis
626 3512 683 3564 qum
696 3492 806 3567 possidet
818 3512 893 3545 arces.

338 3583 405 3634 Sunt
418 3603 538 3654 quoque,
549 3584 594 3654 qui
607 3583 721 3638 lacrimas
735 3583 888 3638 continuisse
902 3595 1004 3655 negent.

305 3674 357 3726 Sed
370 3688 456 3726 tamen
470 3677 519 3727 hoc
531 3674 638 3740 melius,
651 3693 728 3743 quern
739 3672 761 3724 si
774 3672 890 3727 Phaeecic
902 3671 975 3725 tellus

336 3767 454 3839 Ignotum
466 3764 512 3817 vili
523 3765 690 3839 supposuisset
701 3764 789 3817 humo.

303 3856 370 3908 llinc
383 3870 448 3910 certe
460 3856 577 3910 madidos
587 3856 707 3929 fugientis
717 3856 804 3931 pressit
815 3855 906 3909 ocellos

337 3947 431 4012 Mete13
448 3963 471 4000 et
482 3949 509 4001 iu
522 3949 618 4000 cineres
631 3948 720 4000 ultima
735 3948 802 4003 done
813 3947 889 4001 tulit:

304 4038 373 4091 llinc
383 4058 453 4091 soror
467 4039 493 4091 iu
506 4051 601 4113 partem
611 4039 703 4093 misera
714 4059 771 4092 cum
786 4052 864 4092 matre
879 4038 973 4094 doloris

344 4130 435 4197 Venit,
450 4131 578 4183 inornatas
590 4131 710 4184 dilaniato
723 4152 815 4185 eomes.

307 4219 423 4290 Cumque
433 4221 483 4272 tuis
493 4240 537 4277 sus
549 4226 686 4297 junxerunt
695 4222 861 4295 Nemesisque
870 4221 988 4297 priorque

339 4311 434 4366 Oscula
445 4332 452 4368 ι
465 4333 513 4367 nee
526 4312 592 4369 solos
608 4312 740 4369 destituere
750 4333 833 4387 rogos.

1143 451 1205 535 xciij
