2806 5002
36 438 45 454 ··
163 421 224 508 1¹25
553 426 613 488 nn
638 425 839 488 rlnuunr

166 554 249 616 rimo.
269 556 328 618 Sed
346 557 381 618 de
396 557 521 620 editione
534 559 641 620 Tibulli
660 573 753 622 curata
770 582 786 620 a
802 559 885 622 Celte
904 580 960 644 ego
979 579 1134 641 numquam
1150 559 1240 622 laudo

166 653 277 724 audivi,
293 676 385 736 neque
397 654 556 733 Klopielins
568 656 597 715 in
608 667 756 738 conspectu
771 656 865 735 operis
879 657 914 718 de
927 657 1053 718 contudi
1063 657 1150 717 Celtis
1162 657 1240 717 Pro-

167 756 238 812 tucii
253 755 319 815 Vita
334 767 361 814 ct
376 759 495 839 Scriptis
510 780 596 839 quem
606 779 651 817 au.
668 754 745 819 1813
758 758 890 843 friburgi
906 759 997 821 edidit
1006 759 1145 833 Ruefius,
1154 758 1242 819 ullam

165 849 234 912 lecit
246 851 329 932 hujus
342 854 477 915 editionis
487 855 673 918 mentionem.
687 857 914 919 rememoratur
928 857 988 931 ibi,
1002 880 1031 935 p.
1047 877 1093 915 12.
1102 857 1243 919 Hercules

167 950 275 1009 Furens
302 964 331 1009 et
354 951 440 1012 Cano
459 952 590 1031 Thyestis
597 975 609 1023 ,·
626 955 664 1016 L.
680 955 789 1016 Anuoei
809 955 925 1012 Scnrcoe
946 955 1017 1034 Biga
1038 954 1242 1038 tragoediarum

167 1071 234 1110 cura
249 1049 283 1111 C.
303 1049 403 1110 Celtis.
417 1052 515 1130 Hujus
534 1049 669 1110 editionis
687 1052 817 1128 exeurplo
837 1050 900 1121 itti,
920 1048 1002 1131 quod
1017 1064 1107 1112 exstat
1123 1053 1156 1113 in
1171 1050 1242 1112 bibl.

166 1146 303 1211 Neostad.
324 1145 498 1230 agglutinata
518 1159 562 1208 est
582 1146 671 1209 editio
690 1146 821 1221 Tibulli,
839 1169 922 1231 quam
940 1150 1078 1208 Pauaerus
1101 1149 1243 1211 Conrado

167 1243 363 1319 Kncdelooen‚
380 1245 569 1320 Scbnirerus‚
582 1258 660 1308 certe
668 1247 832 1322 Halmius,
847 1245 988 1308 tribuebat
997 1246 1134 1309 Conrado
1144 1246 1242 1323 Celti,

165 1346 248 1429 cujus
268 1364 375 1406 nomen
395 1345 567 1423 inscriptum
581 1357 625 1408 est
642 1367 703 1407 uon
719 1345 773 1407 nisi
790 1345 872 1429 Bigae
890 1343 1090 1428 tragoediarum
1113 1346 1245 1407 Seneca.

50 1512 53 1524 ,
162 1450 314 1527 ¹Hactenus
326 1468 381 1530 ego
393 1445 540 1508 obscuram
553 1448 625 1509 banc
639 1470 700 1508 rem
714 1468 779 1508 meo
791 1447 883 1506 Marte
897 1444 1029 1524 expedire
1039 1456 1159 1507 conatus
1168 1467 1243 1507 sum.

167 1548 226 1611 Sed
245 1547 374 1609 volebam
390 1569 479 1628 porro
495 1547 590 1623 scire,
612 1570 648 1608 an
664 1548 793 1626 exemplo
810 1547 1013 1610 Neostadieusi
1031 1569 1063 1608 re
1079 1568 1146 1608 vera
1161 1570 1242 1626 prae·

166 1646 305 1725 seriptum
324 1658 401 1709 esset
419 1646 486 1709 Act.
506 1669 559 1726 pro
577 1646 645 1709 Alb.
661 1647 795 1708 Tibulli?
817 1669 852 1707 an
867 1644 932 1707 libri
948 1649 1004 1721 ΙΙ,
1020 1669 1074 1726 pro
1092 1644 1161 1707 libri
1176 1646 1243 1707 lV?

165 1744 275 1806 Utrum
292 1746 362 1819 hae,
378 1768 413 1806 au
427 1744 480 1807 alia
494 1746 621 1808 editione
642 1770 710 1808 usus
732 1759 807 1809 esset
821 1748 980 1818 Panrrrus‚
997 1746 1048 1829 qui
1065 1745 1106 1806 sic
1121 1744 1242 1809 scribit:

168 1826 369 1904 Arec'rtnuu
384 1834 536 1925 elegiarum
552 1844 617 1904 uon
632 1846 683 1904 1v.
702 1848 768 1922 Qua
781 1847 814 1909 ue
828 1869 859 1909 re
871 1844 1024 1907 cultorem
1040 1865 1086 1905 me
1098 1843 1245 1913 factum

166 1966 229 2006 esse
244 1958 407 2027 putaveram
422 1945 588 2006 Bardilium.
606 1944 665 2008 sed
680 1944 747 2005 huic
766 1946 897 2007 noudum
913 1944 995 2024 copia
1012 1943 1073 2005 data
1089 1957 1133 2006 est
1148 1943 1242 2028 inspi-

167 2046 265 2107 ciundi
280 2045 353 2107 libri.
371 2047 453 2107 ldem
470 2059 563 2108 tamen
576 2042 703 2129 quaedam
718 2048 752 2107 ad
769 2068 814 2107 me
830 2046 995 2127 perscripsit
1011 2048 1045 2109 de
1060 2045 1180 2128 antiquo
1195 2044 1243 2105 bi-

166 2140 321 2207 bliothecae
332 2143 582 2230 Heidelbergensis
594 2146 724 2224 exemplo
735 2145 796 2206 sine
811 2147 878 2206 anui
889 2157 919 2207 et
928 2143 1051 2207 officinae
1062 2155 1149 2218 uota,
1163 2143 1242 2226 quod

168 2266 246 2304 nuuc
262 2245 355 2327 ipsum
371 2257 437 2305 ante
454 2245 555 2307 oculos
572 2244 663 2308 babet.
677 2248 745 2306 Hoc
758 2244 855 2306 multis
865 2245 937 2307 locis
953 2244 1092 2326 discrepat
1108 2265 1123 2304 a
1140 2242 1241 2302 Thau-

168 2343 305 2417 neriano,
319 2355 455 2404 monente
470 2341 574 2418 etiam,
587 2344 636 2426 qui
647 2342 819 2423 comparavit
829 2387 839 2419 ‚
850 2343 974 2417 vossio,
989 2364 1054 2426 pag.
1065 2358 1175 2415 xxvn,
1187 2362 1239 2402 uec

169 2443 347 2504 conveniunt
362 2442 521 2505 litterarum
535 2446 595 2530 typi
609 2444 720 2528 gothici
736 2444 811 2519 illis,
829 2443 931 2527 quibus
945 2463 1093 2522 expressus
1109 2453 1153 2502 est
1165 2461 1238 2501 cou-

168 2543 285 2624 junctos
298 2564 363 2602 cum
378 2563 414 2604 eo
430 2543 598 2623 Propertius
615 2565 649 2603 er
660 2543 773 2605 officina
783 2543 900 2604 lllartiui
916 2542 1148 2623 lantepergenss.
1162 2538 1234 2617 Lips

168 2664 234 2727 ann·
252 2639 353 2727 1495,
371 2641 475 2724 quippe
496 2643 616 2725 majores
633 2656 662 2704 et
677 2643 758 2705 aliter
774 2643 896 2705 formati.
917 2644 989 2702 flaec
1009 2639 1070 2701 sine
1091 2634 1179 2698 dubio
1200 2659 1235 2699 es·

169 2740 360 2803 memorabilis
377 2741 484 2816 editio,
503 2741 551 2801 sed
569 2741 689 2826 originis
704 2742 822 2803 incertae
837 2753 867 2802 et
888 2739 1038 2801 difficulter
1054 2735 1223 2820 indagandae

170 2841 310 2922 siquidem
330 2841 420 2903 lacera
436 2852 511 2903 esta
528 2840 623 2904 fronte
639 2842 777 2924 usquead
796 2844 836 2917 1,
858 2858 913 2915 vt,
932 2862 980 2924 7¹·
1000 2839 1040 2900 Er
1056 2841 1084 2898 si
1097 2837 1231 2919 quidpee

170 2959 268 3012 casse,
285 2950 340 2999 etc.
363 2962 416 3000 nec
433 2939 462 2999 iu
480 2938 536 3000 fine
561 2939 645 3000 babet
661 2939 717 3000 nisi
734 2961 741 2998 :
760 2942 879 3001 Summo
895 2941 954 3000 vite
972 2937 1045 2996 attii
1055 2936 1167 3009 tibulli,
1192 2954 1230 2994 ex·

169 3055 265 3110 pressa
286 3035 406 3097 fideliter
430 3037 465 3096 ad
486 3037 625 3099 Codicem
644 3036 764 3118 aliquem
785 3060 813 3097 v.
834 3057 859 3096 c.
882 3036 914 3120 in
935 3057 1006 3096 voce
1025 3032 1228 3093 stutemaculn

172 3131 310 3215 Sequitur
328 3135 485 3216 Epitaphia
498 3137 611 3196 Tibulli.
628 3136 704 3198 Cum
717 3137 791 3220 sign.
802 3156 887 3221 a-g.
899 3134 950 3197 lin.
964 3158 1018 3211 ιο,
1031 3132 1060 3208 i.
1082 3134 1149 3209 Qua
1163 3133 1195 3192 in
1214 3155 1227 3193 r

42 3310 45 3315 .
171 3232 309 3297 convenit
326 3230 368 3295 illi
385 3257 449 3295 cum
466 3236 595 3314 exemplo
610 3236 812 3298 Neostadieusi
831 3238 906 3316 apud
922 3236 1100 3308 Procerum,
1121 3233 1225 3293 tom.l

171 3355 199 3410 p·
216 3335 295 3418 499,
311 3357 340 3396 n.
354 3335 423 3417 274.

368 3561 669 3637 EDITIONES
704 3562 910 3639 SAECULI
946 3565 1047 3638 XVI.

213 3757 271 3820 Hic
282 3782 397 3843 quoque
408 3762 588 3825 Huscbkium
600 3764 635 3826 ad
647 3765 765 3826 verbum
776 3764 835 3827 lere
847 3765 1007 3848 sequimur3
1023 3763 1064 3825 ait
1073 3762 1139 3824 ille:
1153 3789 1169 3816 «ι
1182 3765 1217 3823 da

171 3861 293 3923 Mum
304 3866 501 3947 typographiae
512 3867 648 3929 saeculum
658 3866 830 3950 ingredienti
841 3867 871 3927 in
885 3868 949 3946 ipso
961 3867 1054 3928 statim
1069 3865 1169 3928 limine
1178 3863 1216 3926 mi

174 3963 245 4027 mibi
262 3964 396 4048 objicitur
416 3967 575 4029 editionum
591 3968 704 4042 classis,
723 3968 816 4032 forma
830 3983 860 4029 et
873 3969 999 4031 lectione
1015 3967 1115 4029 similis
1132 3967 1215 4029 Aldit

173 4088 219 4128 an.
239 4063 338 4146 1502,
353 4067 464 4152 origine
478 4080 508 4130 et
523 4070 712 4156 chartalonge
723 4071 839 4133 diversa.
854 4071 891 4131 In
907 4071 992 4154 bujus
1003 4069 1108 4133 fraudis
1123 4068 1213 4153 vestig

173 4188 218 4228 me
230 4166 353 4246 primum
365 4166 464 4251 posuit
478 4166 596 4234 varicus
613 4170 762 4247 lectionis,
776 4168 921 4237 observata
935 4170 967 4232 in
981 4169 1086 4237 Aldina
1097 4168 1173 4249 apud
1189 4169 1213 4230 'I
