2806 5002
138 421 195 504 ut,
358 474 361 481 .
528 416 589 481 oe
617 414 815 481 mnrium

136 550 254 613 inclusa.
275 552 348 613 naec
360 562 429 613 nota
444 549 588 614 invenitur
603 549 636 611 in
649 549 750 628 libris,
769 572 786 611 a
804 551 918 613 Thomu
933 550 1099 625 Ferrendo,
1122 562 1215 636 typo-

141 650 251 739 grapho
267 650 421 725 Brixiano,
449 648 614 733 impressis,
632 674 660 715 v.
676 673 701 711 c.
717 649 749 711 in
764 650 918 729 Propertio
933 650 996 712 sine
1011 651 1079 712 anni
1091 650 1216 718 indicio.

140 752 268 826 Punzer,
286 765 357 813 tom.
375 751 428 826 lv,
445 775 476 830 p.
493 748 571 825 abd,
592 774 623 812 n·
642 752 708 835 147.
730 754 810 813 Num
830 751 920 834 igitur
937 751 1070 814 Tibullus
1092 754 1178 815 etiem
1196 777 1214 815 e

139 853 221 931 prelo
237 850 413 914 Ferraudiuo
425 851 518 914 exiit?
533 872 595 914 non
606 863 650 912 est
663 849 817 930 probabile.
838 853 913 913 Nam
926 851 1083 927 character,
1098 851 1130 912 in
1143 876 1213 934 qus-

140 950 204 1011 dem
225 950 431 1035 similitudine,
457 962 553 1013 umen
572 961 617 1021 eu
633 950 800 1025 dissimilis,
825 971 879 1012 nec
900 953 1038 1014 convenit
1061 952 1212 1029 scripturae

140 1071 246 1134 genus,
262 1074 290 1115 v·
307 1072 332 1111 c.
348 1050 521 1133 diphthongi
537 1072 572 1111 ae
587 1063 617 1111 et
630 1073 662 1112 ne
678 1063 812 1130 separatae
828 1051 938 1113 suntin
953 1051 1123 1135 Propertio,
1140 1074 1212 1116 con·

140 1132 291 1233 juncum
308 1150 437 1219 suario.

182 1253 255 1312 Haec
265 1249 371 1326 editio,
383 1249 463 1332 quod
474 1249 505 1311 in
512 1249 610 1333 primis
618 1250 898 1313 animadvertendum
904 1262 959 1325 est,
972 1250 1082 1311 nullum
1093 1272 1212 1332 prorsus

140 1348 174 1409 in
184 1350 240 1411 fine
254 1349 476 1413 additamentum
491 1348 592 1426 habet,
610 1371 664 1413 uec
680 1349 768 1411 Marsi
784 1350 971 1435 epigramma,
989 1347 1146 1411 uecVitnm
1160 1349 1214 1409 Ti-

141 1447 230 1522 bulli,
244 1469 297 1509 nec
313 1448 394 1509 aliam
409 1449 663 1527 subscriptionem,
676 1473 730 1532 qur
741 1462 810 1513 notu
821 1448 1007 1535 distinguitur
1018 1447 1053 1510 ab
1063 1448 1213 1522 omnibus,

142 1568 207 1629 quae
221 1547 351 1610 noverim
369 1549 474 1612 Saeculi
487 1551 541 1609 XV
556 1550 698 1629 exemplis.
719 1549 836 1611 Ahsnnt
857 1549 973 1631 quidem
992 1549 1166 1631 epigramma
1187 1561 1214 1610 et

46 1720 51 1725 Ι
143 1645 209 1706 Vita
224 1646 307 1710 etiam
320 1647 356 1708 ab
371 1649 500 1733 exemplo
512 1650 680 1713 Pinelliauo.
698 1651 740 1711 tt
752 1652 809 1712 hoc
824 1662 919 1711 umen
929 1648 1013 1711 habet
1028 1669 1064 1711 eo
1077 1648 1146 1710 loco
1156 1670 1214 1711 cnr-

143 1767 211 1807 men
228 1747 401 1811 Ovidinnum
411 1761 460 1822 et,
477 1750 557 1831 quod
571 1773 656 1833 supra
666 1751 771 1829 posui,
787 1750 931 1812 distichon
942 1770 1051 1810 recens.
1061 1749 1143 1832 Ergo
1155 1748 1213 1809 brec

141 1847 226 1924 plene
242 1847 352 1912 diversa
366 1863 436 1910 sunt
450 1851 632 1928 exemplaria,
656 1875 672 1913 e
691 1850 808 1912 diversis
823 1850 926 1928 procul
943 1849 1030 1916 dubio
1046 1848 1127 1910 libris
1143 1872 1213 1931 pro-

143 1946 230 2022 lecta,
248 1968 302 2010 nec
317 1949 377 2012 ullo
394 1949 482 2011 modo
500 1950 635 2012 credibile
651 1964 714 2024 est,
731 1951 838 2012 nullam
853 1951 884 2010 in
900 1950 935 2011 iis
949 1948 1067 2028 reperiri
1082 1948 1212 2012 lectionis

13 2052 16 2059 '
144 2045 344 2110 diversitatem.

383 2241 444 2311 ΙΙΙ.
463 2239 572 2313 Edehh
589 2269 643 2314 an.
668 2240 779 2338 1472,
799 2239 885 2332 ἰπὶ-40
904 2240 983 2313 min.

273 2407 365 2467 Auen
381 2409 515 2469 Treveri
533 2410 641 2479 Eoum
657 2412 715 2470 Ro.
731 2409 820 2468 Pon-

134 2559 138 2567 .
270 2518 344 2590 teeq;
363 2508 518 2570 Clarissimi
535 2508 621 2570 Liber
632 2506 772 2594 helegied
786 2507 899 2568 Primus
915 2506 997 2585 icipit

188 2636 237 2697 Ad
250 2636 335 2698 finem
350 2638 434 2721 hujus
450 2639 585 2701 editionis
603 2639 788 2723 Epitaphium
804 2638 914 2701 Tibulli
930 2641 1073 2715 (auctore
1087 2638 1207 2699 Domiti

149 2739 271 2815 Marso)
288 2736 392 2821 legitur
405 2738 462 2800 ita:

317 2877 449 2963 equoq:
467 2879 581 2966 uirgiuo
598 2856 976 2962 concessanuntii

355 2980 437 3043 Mors
450 2981 555 3044 iuuene
571 2992 657 3059 etpos
673 2980 752 3042 misit
766 2996 778 3039 ῑ
792 2979 888 3043 elisios

311 3082 357 3141 Ne
373 3081 448 3143 foret
464 3094 513 3143 aut
527 3081 613 3166 elegis
630 3080 730 3143 molles
746 3108 765 3148 u
781 3082 860 3143 llerct
875 3101 984 3142 amores

356 3207 419 3268 Aut
431 3223 543 3270 caneret
556 3211 624 3272 sorti
639 3210 727 3274 tristia
744 3159 814 3275 tielta
828 3212 909 3291 pede.

154 3348 277 3410 Accedit
290 3347 375 3411 breve
388 3350 488 3413 Poetae
503 3351 647 3435 elogium,
663 3365 696 3412 ut
710 3353 808 3414 scribit
818 3356 973 3428 Punzerus,
987 3365 1059 3415 tom.
1072 3349 1199 3431 1v‚p.t

153 3450 184 3510 id
197 3462 258 3526 est,
270 3450 335 3512 Vite
346 3449 463 3511 Tibulli.
483 3451 570 3511 Cher.
586 3453 636 3511 Iat.
652 3453 712 3512 sine
728 3455 801 3531 sign.
818 3464 890 3513 cust.
906 3464 933 3512 et
944 3464 1027 3534 pugg.
1045 3474 1122 3512 num.
1139 3452 1198 3512 td«

155 3550 256 3626 etiem,
269 3550 329 3612 sine
339 3550 397 3611 loci
408 3563 476 3612 nota
489 3564 520 3613 et
529 3552 614 3627 nuni,
630 3551 679 3633 qui
689 3551 832 3634 subjectus
842 3551 1058 3631 estPropertio.
1073 3552 1197 3613 Hancec'

156 3650 265 3713 tionem
284 3650 393 3730 primus
410 3650 538 3712 omnium
558 3665 686 3712 accurate
705 3653 855 3731 descripsit
870 3666 900 3714 et
915 3676 932 3713 a
946 3654 1056 3726 Veneta
1071 3651 1163 3731 princ.
1180 3673 1196 3711 a

160 3750 254 3833 1472,
266 3750 302 3811 dc
316 3773 369 3832 que
379 3749 512 3829 deinceps
521 3762 638 3833 egetur,
654 3752 879 3838 distinguendam
888 3774 949 3816 esse
959 3753 1032 3817 vidit
1041 3749 1195 3813 Audiffred

156 3851 188 3910 in
203 3849 292 3912 eant.
306 3850 444 3912 historico
456 3850 546 3914 critic.
560 3855 646 3913 Rom.
662 3852 727 3914 edd.
743 3853 847 3914 Saeculi
858 3855 929 3927 XV,
942 3878 970 3937 p.
986 3852 1064 3929 440,
1077 3874 1164 3935 quem
1178 3875 1193 3912 s

80 3992 83 3997 -
159 3952 257 4035 quitur
271 3951 421 4013 hlorellius
437 3952 466 4010 in
483 3952 631 4029 Epistola,
649 3977 676 4036 p.
690 3952 728 4031 5,
745 3976 806 4016 non
823 3955 950 4036 sequitur
965 3953 1112 4036 Heynius,
1128 3976 1156 4032 p.
1167 3953 1194 4029 4!

158 4053 204 4114 ed.
218 4053 276 4113 111.
293 4054 390 4124 lianc,
408 4063 512 4135 rogatu
521 4053 678 4128 Huschkii,
691 4076 757 4115 cum
768 4054 835 4114 Ald.
847 4077 891 4116 an.
906 4055 1000 4127 1502,
1012 4052 1138 4115 contulit
1149 4052 1193 4114 Gr

158 4153 258 4236 gorius
271 4153 390 4238 Zulycus
405 4152 666 4219 Thessalonicensis
679 4155 714 4218 ad
731 4154 890 4234 exemplum
900 4153 1058 4220 Parisiense
1072 4197 1082 4230 ,
1099 4153 1131 4215 iu
1147 4176 1193 4237 qn·
