2834 4996
266 429 531 544 commus
557 480 616 541 ET
642 479 968 543 EDITIONIBUS·
1083 477 1150 564 lxvii

87 615 193 678 bullum
205 616 263 686 IV,
279 632 315 688 t,
334 610 409 685 108,
426 612 475 674 uhi
492 611 546 672 tria
561 611 644 694 hujus
661 609 796 673 editionis
810 612 994 691 exemplaria,
1012 634 1077 694 quae
1091 614 1153 691 ipse

84 719 237 799 possideo,
255 718 294 777 ita
309 714 463 786 disserunt,
482 727 515 775 ut
531 736 643 788 unum,
659 713 733 774 haud
752 712 836 775 dubie
852 715 1052 798 archetypum,
1071 715 1153 776 exhi-

85 818 144 879 beat
157 841 166 876 ε
179 817 276 877 Fortis
289 816 399 899 iapiginr.
416 816 514 887 miles,
531 813 686 876 secundum
701 826 730 874 et
744 813 860 875 tertium
875 815 999 896 inpigioe.
1014 816 1085 875 Mox
1099 836 1152 875 ac·

85 919 210 980 curatius
224 916 371 997 inquirens
387 914 582 993 deprehendi,
599 914 661 975 haec
673 911 839 990 exemplaria
855 909 925 971 locis
936 910 1084 987 permultis
1100 911 1157 972 dis-

85 1036 198 1096 crepare
213 1035 274 1073 non
287 1014 379 1075 solum
394 1012 423 1072 in
437 1012 574 1085 Tibullo,
589 1011 736 1073 sedetiam
756 1010 786 1070 in
803 1008 916 1071 Catullo
933 1018 963 1068 et
977 1007 1154 1089 Propertio,

85 1118 177 1183 redire
191 1129 288 1179 autem
303 1137 365 1178 rem
380 1115 415 1175 ad
430 1115 531 1176 menda
552 1112 764 1198 typographica.
782 1112 859 1172 Tum
878 1109 1078 1184 animadverti,
1095 1110 1154 1172 duo

85 1216 207 1280 etribns
223 1214 425 1295 exemplaribus
448 1212 517 1275 meis
534 1235 622 1275 meras
642 1236 703 1275 esse
718 1211 904 1292 repetitiones
919 1211 1039 1286 Aldini,
1056 1212 1086 1273 in
1103 1211 1155 1273 alia

85 1314 200 1378 officina
211 1313 375 1387 fabricatas,
388 1313 463 1374 sient
474 1312 562 1373 illud.
576 1312 654 1393 qnod
665 1312 696 1371 in
707 1309 922 1373 Commentario
937 1310 972 1370 ad
981 1310 1087 1371 librum
1098 1311 1158 1388 pri-

84 1438 163 1477 mum
173 1414 295 1476 subinde
307 1413 459 1475 memoravi
474 1412 528 1474 soh
537 1411 622 1473 titulo
636 1412 690 1472 Ed.
705 1412 764 1473 Vel.
778 1413 840 1471 sine
848 1433 877 1471 a.
887 1421 916 1470 et
925 1412 945 1471 l.
957 1410 1080 1482 indiciis,
1092 1434 1120 1470 v.
1131 1430 1157 1470 c.

83 1514 166 1585 adl,
182 1533 219 1586 v,
236 1512 310 1596 7-8,
328 1513 429 1574 deinde
442 1513 477 1572 ad
491 1514 541 1581 ll,
556 1530 588 1587 t,
604 1509 835 1595 37-38,vocavi
854 1512 906 1572 Ed.
918 1511 986 1573 Atd.
998 1533 1042 1572 an.
1059 1509 1156 1585 1511,

83 1614 166 1697 enjus
182 1610 360 1673 mentionem
377 1612 539 1694 injecerunt
553 1612 647 1673 multi.
669 1614 757 1675 Nunc
774 1612 857 1674 etiam
876 1612 957 1685 scio,
980 1610 1087 1671 hlduin
1101 1613 1157 1694 jam

83 1709 178 1789 ipsum
195 1710 300 1770 de'hac
315 1731 346 1770 re
363 1723 495 1791 questum
513 1731 574 1771 esse
591 1732 655 1770 rum
669 1723 832 1787 temporum
848 1731 968 1770 suorum
982 1707 1155 1791 aequalibus,

83 1824 262 1872 mntem
274 1809 385 1891 publice
396 1808 584 1871 fraudulentae
591 1809 665 1870 illius
675 1808 865 1871 fabricationis
876 1808 1071 1892 typographos
1079 1808 1156 1890 Lng-

85 1906 228 1968 dunenses
243 1909 272 1967 in
286 1907 398 1983 Gallia,
416 1908 466 1990 qui
481 1905 621 1968 editiones
639 1930 701 1968 suas
720 1928 776 1977 eo,
793 1928 852 1988 qno
868 1906 944 1978 dixi,
961 1906 1049 1967 modo
1069 1926 1156 1982 repe-

86 2017 204 2080 terent,
228 2007 378 2087 ipsumque
396 2005 500 2067 laboris
519 2005 563 2067 sui
584 2004 678 2067 fructu
696 2007 848 2084 privarent.
870 2006 945 2080 Quae
966 2011 1012 2064 r'es
1035 2015 1068 2064 ut
1086 2001 1156 2064 mire

87 2105 217 2183 corrupit
236 2105 348 2165 annales
366 2106 603 2189 typographicos,
619 2106 658 2165 ita
672 2107 753 2167 etiam
771 2105 944 2185 perturbavit
959 2103 1090 2166 lectionis
1108 2122 1158 2180 per

89 2203 223 2264 Aldinam
239 2216 400 2287 propagatae
412 2205 557 2266 historiam
573 2203 715 2266 criticam!
730 2233 745 2258 υ

130 2388 310 2449 Carnibus
327 2384 468 2445 Tibullus.
484 2386 655 2463 Propetius,
672 2409 717 2447 an.
734 2386 830 2460 1502,
845 2387 935 2449 in-80.

130 2527 280 2589 sinesiis
295 2526 449 2608 archetypo
467 2524 599 2599 Aldino,
617 2538 694 2587 certe
708 2548 792 2600 meo,
815 2548 874 2588 non
894 2528 1054 2609 Pmpertries
1070 2540 1088 2584 ¹.
1103 2528 1157 2586 In-

88 2627 170 2713 signe
191 2625 274 2696 hldi,
293 2624 442 2701 delphinus
457 2623 591 2684 anchorae
608 2624 777 2700 involutus,
800 2625 834 2685 ah
858 2626 907 2685 hac
923 2625 1049 2687 editione
1069 2625 1158 2687 abest.

87 2726 225 2808 Sequitur
239 2724 270 2783 in
285 2724 368 2784 altera
387 2723 461 2783 tituli
473 2724 573 2806 pagina
590 2725 711 2786 Manutii
726 2725 875 2803 Epistola,
893 2724 1027 2802 iuscripta
1038 2724 1095 2783 sic:
1109 2726 1158 2784 Al.

88 2825 158 2886 Mu.
176 2824 226 2883 Ro.
249 2824 365 2884 lllum'no
387 2826 511 2885 Sunnvto
531 2824 651 2886 Patritio
669 2826 771 2886 Veneto
793 2822 944 2884 Benedicti
964 2822 1047 2883 Filio.
1064 2824 1093 2882 S.
1111 2822 1158 2882 nd

86 2924 179 2984 finem
196 2920 296 2984 Catulli
312 2922 417 3006 legitur
435 2924 552 2983 Hieron.
568 2923 695 2985 Asancii
707 2923 742 2982 ad
759 2921 900 2983 Marinum
913 2920 1071 2981 Sannutum
1083 2922 1159 3000 epis-

87 3023 166 3097 tola,
184 3044 239 3106 qna
257 3024 440 3086 continentur
456 3024 667 3085 emendationes
688 3022 718 3082 in
738 3020 914 3083 Lucretium.
932 3021 982 3082 hd
1000 3021 1104 3083 calcem
1128 3022 1159 3082 in

88 3122 175 3185 altera
188 3122 299 3206 plagula
310 3135 371 3183 est:
390 3123 418 3182 V
415 3124 513 3182 enetiis
524 3124 554 3183 in
565 3122 673 3183 aedibus
689 3120 769 3206 Alai,
780 3125 879 3184 blense
893 3120 1021 3206 januario
1036 3122 1158 3197 lll.DII,

87 3240 145 3282 nee
162 3216 224 3281 sine
242 3219 393 3302 privilegio
409 3231 442 3280 ut
466 3220 495 3281 in
520 3220 650 3292 caeteris,
674 3219 705 3279 in
723 3220 825 3295 altera,
847 3220 990 3293 Catullos,
1020 3218 1140 3280 Tibullus
1147 3265 1158 3293 ,

90 3318 257 3399 Pmpertrirs.
281 3320 355 3393 Quae
369 3319 489 3403 plagulae
505 3343 580 3403 serpe
596 3319 713 3403 abjectae
728 3342 744 3379 a
757 3319 977 3404 glutinatoribus
994 3320 1163 3402 opinionem

88 3431 282 3502 pepererunt,
301 3420 371 3480 hanc
387 3420 542 3482 editionem
558 3420 660 3494 etiarn,
679 3432 712 3480 ut
728 3421 857 3504 lleynius
877 3418 996 3494 scribit,
1014 3422 1076 3480 sine
1091 3422 1164 3478 anni

87 3526 117 3575 et
128 3517 186 3576 loci
198 3527 265 3577 nota
279 3528 411 3599 prostare.
424 3517 493 3578 Tria
507 3517 591 3601 hujus
606 3517 752 3601 archetypi
768 3516 894 3599 exempla
910 3516 994 3578 simul
1009 3515 1047 3577 ob
1060 3516 1161 3577 oculos

87 3616 208 3680 habebat
223 3620 386 3703 Freytagius
405 3619 560 3703 (Adparat
573 3618 676 3682 Litter.
694 3628 766 3681 tom.
781 3621 814 3692 l,
829 3643 857 3701 p.
874 3616 933 3703 487
945 3620 976 3697 ),
995 3619 1071 3680 nulla
1086 3620 1116 3679 in
1130 3640 1162 3680 rc

85 3854 89 3859 ·
125 3828 272 3882 'Annales
289 3832 321 3882 de
334 3831 513 3898 t’tmprsmerie
524 3832 568 3885 des
582 3832 667 3894 Ataia,
687 3851 721 3884 ou
737 3829 856 3884 Histoire
873 3832 918 3885 des
932 3837 996 3885 trois
1010 3833 1123 3887 Maurice
1136 3846 1161 3885 et

90 3914 125 3965 da
137 3915 205 3966 leurs
219 3915 344 3977 editions,
362 3935 406 3988 par
419 3917 479 3968 Aut.
494 3919 562 3989 Aug.
575 3916 729 3981 Renouard3
749 3929 766 3967 t.
780 3917 834 3982 lll,
853 3934 910 3989 pag.
924 3936 947 3982 ⁷·
970 3920 1005 3970 Le
1021 3918 1078 3970 titre
1091 3930 1160 3991 porte

91 4002 174 4052 tamtdt
193 4000 358 4069 Propertius,
385 4005 465 4056 tantdt
487 4002 643 4070 Propetin15
661 4001 723 4055 mais
745 4015 807 4055 cette
828 4004 895 4056 laute
912 4003 1110 4078 typographique
1130 4023 1163 4056 ne

90 4084 184 4137 diocte
198 4104 241 4159 pas
252 4105 303 4138 une
316 4086 408 4141 double
427 4086 531 4141 edition.
552 4091 586 4141 La
598 4087 738 4141 correction
752 4108 767 4140 a
785 4092 822 4140 έιέ
837 4086 896 4143 saite
912 4089 1024 4163 pendant
1036 4090 1060 4141 le
1073 4086 1160 4158 tinge.

89 4164 178 4219 Etiam
190 4166 343 4241 exemplaria
353 4168 403 4221 duo
411 4170 564 4234 adulterina,
572 4190 630 4241 quae
641 4189 717 4244 penes
724 4170 884 4225 Huschkium
891 4184 976 4237 erant,
992 4169 1019 4222 iu
1030 4168 1103 4223 titulo
1115 4166 1161 4223 ha-

89 4250 155 4303 bent
166 4248 317 4321 Pmpetr'nr,
333 4252 361 4306 in
375 4252 428 4308 fine
439 4254 605 4325 Propertius,
619 4254 683 4309 sicut
696 4255 755 4311 Att.
