2834 4996
168 420 212 504 40
493 421 641 488 Auum
676 418 905 487 urnuuur

216 562 292 659 Ipsa
309 560 422 632 Venus
442 587 577 661 campos
593 559 691 634 ducet
707 559 741 632 iu
759 559 906 660 Elysium
1150 576 1166 613 ‘

169 674 234 747 nic
252 674 378 751 chorea
397 694 579 777 cantusque
596 677 724 773 rigent,
742 678 931 778 passimque
947 696 1101 773 vagantes

218 788 324 862 Dulce
342 808 460 864 sonant
479 793 568 866 tenui
588 809 721 888 gutture
739 820 868 864 carmen
881 819 971 877 avem
1202 816 1239 867 σο

174 907 249 979 Fert
268 907 386 980 casiam
404 936 473 985 non
492 906 577 983 culta
596 937 708 1003 seges,
726 924 882 1009 totosque
900 937 960 1010 per
976 936 1073 1004 agros

222 1023 336 1098 Floret
353 1024 500 1098 odoratis
519 1042 606 1099 terra
621 1025 765 1119 benigna
779 1024 877 1098 rosis.

172 1141 237 1215 Hic
252 1142 407 1240 juvenum
423 1142 523 1216 series
544 1141 664 1216 teneris
681 1140 827 1215 immixta
846 1137 967 1241 puellis

221 1255 344 1343 Ludit,
363 1273 395 1328 et
410 1255 544 1329 assidue
561 1254 672 1355 praelia
688 1256 804 1328 miscet
818 1257 932 1327 Amor.

174 1374 247 1449 Illic
265 1393 330 1460 est,
350 1373 546 1473 cuicumque
563 1400 664 1473 rapax
679 1401 769 1445 mors
786 1372 873 1444 venit
889 1370 1032 1459 amanti,
1208 1391 1242 1443 oo

226 1494 271 1564 Et
288 1491 371 1584 gerit
389 1488 508 1584 insigni
529 1506 652 1588 myrtea
668 1506 754 1563 serta
771 1516 872 1561 coma.

175 1609 224 1680 'At
241 1604 395 1681 scelerata
406 1606 490 1705 jacet
508 1605 602 1680 sedes
618 1605 653 1677 in
672 1622 768 1677 nocte
786 1601 952 1705 profunda
1038 1629 1043 1639 ·

175 1771 228 1824 sit:
245 1768 359 1837 denique
379 1788 423 1822 ras
442 1780 573 1824 memorat
591 1768 685 1839 sepul-
732 1765 842 1821 busdam
853 1765 937 1829 libris,
950 1775 980 1818 ut
990 1763 1018 1816 in
1025 1762 1082 1818 eod.
1090 1763 1173 1818 Paria.
1182 1765 1245 1819 abiit

178 1846 282 1911 chrale,
296 1846 367 1914 quod
383 1847 410 1900 iu
429 1847 553 1901 Lucernis
566 1859 620 1901 ant.
638 1866 686 1901 se-
736 1848 763 1900 in
775 1850 836 1907 hac,
856 1845 927 1899 unde
947 1857 1036 1898 ortum
1052 1843 1159 1898 videtur
1169 1854 1244 1898 acet

176 1923 244 1995 pule.
260 1923 342 1978 edidit
352 1924 498 1990 Belloriut,
518 1927 606 1991 P.11‚
620 1925 644 1978 Τ
646 1926 686 1978 ab.
733 1937 769 1978 at.
786 1924 917 1978 Brouukh.
928 1945 943 1977 e
956 1922 1114 1988 Gelotiana,
1136 1921 1179 1977 cui
1196 1942 1244 1978 ac-

177 2005 218 2069 48.
230 2002 270 2054 De
283 2001 352 2057 hisce
367 2002 490 2058 omuibus
504 2003 588 2068 infra,
602 2005 629 2056 iu
643 2023 687 2055 er·
735 2002 805 2057 cedit
823 2001 932 2055 corvin.
950 2003 1065 2072 reposuit
1084 2004 1145 2068 br‘c,
1166 2020 1245 2070 quam

178 2100 255 2136 cursu
265 2122 272 2149 ,
281 2081 363 2136 fusius
374 2102 488 2153 agemus.
496 2084 551 2139 Sed
558 2085 604 2137 tibi
611 2095 687 2137 noue
735 2081 874 2135 lectionem
883 2081 970 2134 firmat
981 2080 1114 2150 oppositus
1128 2080 1190 2134 huic
1206 2080 1246 2133 lo·

177 2160 272 2225 velim,
286 2161 367 2213 aruice
380 2162 480 2229 lector,
494 2173 622 2231 quantum
639 2161 688 2213 Ti·
735 2179 796 2223 cue,
810 2179 844 2211 ve.
855 2160 935 2228 73-81
947 2180 953 2212 :
964 2162 1121 2212 r‘llt’cmr'llek.
1136 2158 1246 2213 Hutcu.

179 2237 243 2290 bulli
263 2237 296 2289 de
317 2237 426 2292 infernis
443 2240 562 2294 doctriua
581 2239 658 2292 distet
674 2257 689 2290 a
769 2240 810 2305 64.
822 2241 908 2293 Amor.
924 2241 958 2293 H.
972 2238 1097 2293 Vooiosi
1112 2237 1245 2305 confidas,

179 2313 444 2384 mutationibusque
457 2316 525 2385 apud
544 2315 689 2369 lucianum
738 2337 829 2371 ornnes
849 2318 1006 2388 interpretes
1029 2316 1137 2384 alicujus
1159 2314 1249 2371 existi-

181 2389 385 2443 0ecurruutzlric
395 2392 467 2443 enirn
476 2390 621 2461 puellarum
631 2391 689 2461 pul·
738 2395 872 2451 mationie.
885 2396 917 2449 de
927 2400 1020 2449 Amore
1030 2394 1097 2461 deo,
1116 2395 1190 2448 hunc
1203 2394 1249 2449 lo·
1281 2432 1284 2437 -

183 2465 327 2520 cherrima
339 2505 347 2534 ,
364 2470 418 2523 ἰπὶ
427 2475 495 2537 μένον
504 2480 545 2524 καὶ
554 2478 635 2546 κρανία
646 2479 691 2522 τῶν
738 2493 800 2527 cum
811 2472 969 2526 intellexere.
989 2472 1111 2544 Heynlus
1121 2490 1186 2525 vero
1198 2469 1251 2525 (lu-

182 2556 270 2621 σαρκῶν
279 2548 371 2613 γυμνὰ,
386 2566 440 2601 etse
452 2548 542 2601 asserit
555 2567 562 2600 ε
575 2547 617 2600 ille
625 2566 692 2600 con·
739 2551 806 2605 bitat
816 2560 905 2603 utrum
918 2550 951 2603 de
964 2551 1031 2613 deo,
1051 2569 1083 2602 au
1097 2549 1251 2618 simpliciter

182 2634 223 2677 tra
242 2625 340 2679 teneris
360 2624 531 2695 sermonisque
550 2625 692 2697 virginibus
741 2629 773 2683 de
783 2648 871 2682 amore
884 2668 892 2695 ,
904 2639 933 2681 ut
943 2628 1023 2680 animi
1035 2626 1148 2694 aflectu,
1162 2645 1252 2681 sermo

183 2701 432 2770 immixtosjuveues
440 2704 565 2771 ostendit,
574 2704 693 2759 etamori
740 2706 780 2760 sit.
801 2708 936 2776 Integram
953 2707 1023 2759 illarn
1044 2706 1251 2775 disputationem

184 2784 358 2854 indulgentes.
382 2787 502 2856 Excerpt.
528 2786 596 2856 Lips.
615 2784 693 2840 exhi·
741 2783 1136 2855 ueflocniquideurlaeiendam
1148 2790 1252 2839 censeo.

186 2863 251 2917 beut
267 2872 309 2934 qui
323 2883 332 2929 ,¹
351 2863 432 2918 codex
445 2871 578 2919 uuussr'ur.
599 2866 694 2920 Passe-
774 2865 931 2935 dodisma.
946 2867 1028 2918 Vetus
1039 2866 1109 2918 sarna
1119 2863 1253 2933 prodidit,

186 2946 267 2998 ratius
278 2945 384 3014 profert
395 2952 440 3014 qui
449 2966 513 2999 sum.
743 2945 893 3009 Venerem,
906 2961 1010 3011 quume
1021 2943 1087 3019 mari
1095 2940 1256 3011 eximunt·

221 3024 261 3075 58.
276 3026 314 3076 In.
332 3022 384 3074 Atii
401 3022 459 3076 libri
477 3024 574 3078 habent
591 3029 632 3081 in.
653 3019 696 3075 alii
743 3023 878 3076 mulumin
887 3033 976 3095 myrto
984 3024 1097 3088 latuisse,
1108 3042 1142 3075 ue
1151 3020 1255 3092 conspi-

188 3103 231 3162 ael,
240 3099 311 3169 quod
321 3100 494 3155 confirmatur
502 3101 613 3156 Domitii
625 3101 696 3154 Man
743 3116 848 3159 teretur
862 3104 947 3166 nuda;
961 3103 1042 3157 ovid.
1059 3104 1128 3156 Fast.
1140 3102 1184 3155 lib.
1202 3101 1254 3167 lV,

188 3181 209 3232 si
226 3179 412 3247 epigrammate
426 3200 432 3232 :
453 3203 466 3225 «
483 3181 558 3234 Moru
571 3183 696 3248 juvenem
744 3202 809 3237 vers.
825 3184 887 3255 139:
901 3205 914 3228 κ
929 3182 984 3235 Vos
996 3200 1102 3250 quoque
1115 3180 1165 3233 sub
1176 3176 1255 3233 viridi

189 3275 294 3325 campos
304 3255 374 3310 misit
385 3258 417 3311 ad
429 3258 530 3330 Elysios
543 3282 556 3307 n
745 3271 834 3332 myrto
851 3261 925 3329 jubet
940 3260 983 3314 illa
1002 3259 1080 3312 lavari
1095 3277 1101 3311 :
1115 3256 1255 3328 Causaque

224 3339 266 3407 59,
279 3338 331 3388 Hic
346 3340 441 3391 choree
453 3347 502 3390 etc.
516 3337 619 3392 Confer
631 3340 698 3391 Piu-
746 3358 794 3392 rur
813 3339 917 3406 jubeat,
941 3337 1050 3402 discite,
1068 3347 1140 3391 terta
1159 3337 1256 3391 subest

191 3411 247 3465 dari
263 3411 371 3484 Olymp.
391 3415 437 3481 ll,
455 3434 521 3468 vers.
542 3416 604 3477 128;
623 3416 699 3484 Virg.
747 3418 847 3471 Littore
865 3417 974 3470 siroabat
991 3426 1110 3469 rorantes
1122 3414 1195 3468 nuda
1206 3434 1257 3469 ea-

191 3490 299 3545 AEneid.
310 3491 354 3544 lib.
368 3493 428 3558 Vl,
441 3512 506 3545 vere.
515 3493 698 3562 637.-Com·
747 3497 834 3566 pillos:
845 3494 978 3549 Viderunt
988 3495 1090 3569 Satyri,
1102 3496 1181 3550 turba
1193 3514 1259 3566 pro-

191 3581 319 3640 perentur
330 3571 409 3623 etiam
422 3590 480 3640 quae
491 3571 524 3625 de
535 3571 627 3626 insulis
638 3573 701 3626 bea·
747 3586 829 3640 terra,
838 3573 923 3626 deam.
932 3574 1028 3636 Sensit,
1036 3573 1186 3642 etappoeita
1194 3571 1259 3626 texit

191 3658 280 3702 torum
294 3649 443 3717 Homerus,
457 3650 597 3704 Hesiodum.
747 3672 793 3706 sua
801 3670 912 3719 corpora
922 3664 1017 3723 myrto.
1030 3652 1101 3705 Tuta
1113 3649 1163 3702 fuit
1174 3650 1259 3704 sartor

227 3728 267 3779 62.
280 3728 701 3799 Terrabenigna.se.rerrili³:apud
748 3748 844 3797 vosque
857 3728 954 3781 referre
967 3729 1047 3798 jubet.
1061 3750 1074 3773 ιο
1089 3726 1158 3780 Vide
1168 3726 1260 3799 Virgi-

196 3806 337 3876 Virgilium
351 3807 492 3860 infecunda
509 3807 605 3862 dicitur
622 3812 703 3863 mali·
750 3808 831 3873 lium,
845 3804 887 3859 lib.
898 3806 937 3860 Vl
948 3847 956 3871 ,
969 3826 1034 3859 vers.
1044 3808 1098 3871 442.
1108 3805 1259 3859 Bnoucxn.

192 3904 260 3953 erra,
271 3886 314 3940 lib.
330 3885 374 3951 ll,
390 3907 455 3940 vern
471 3906 518 3959 ¹79
530 3906 535 3938 ι
548 3907 561 3933 α
574 3886 703 3941 Difficiles
781 3886 962 3955 (ip-lederun.
971 3882 1101 3938 Brourkh.
1109 3882 1146 3935 ait
1157 3901 1163 3935 :
1174 3904 1188 3929 κ
1199 3881 1262 3935 Ma·

193 3967 310 4038 primum
324 3975 401 4018 terrae
412 3965 542 4033 collesque
560 3965 674 4034 maligni.
688 3987 701 4010 υ
749 3964 1003 4034 jusculorharartere
1010 3963 1085 4019 scribi
1092 3962 1171 4016 debet
1179 3967 1262 4018 scele-

229 4046 404 4099 li3.1mm1‘aeta.
424 4043 547 4117 Heynius
559 4048 653 4097 r‘rruesa
663 4042 703 4096 le·
749 4059 821 4104 rata.
836 4063 919 4114 quum
935 4046 968 4098 sit
985 4044 1120 4114 proprium
1138 4061 1258 4109 nomeu,

197 4144 258 4193 gere
271 4124 367 4177 mallet
386 4108 422 4177 H.
439 4124 516 4177 Voss.
529 4122 594 4176 citra
607 4139 703 4174 necer—
751 4123 862 4177 docente
874 4121 991 4188 Ovidio,
1016 4121 1127 4175 Metam,
1146 4120 1188 4175 lib.
1208 4119 1260 4188 IV,

194 4205 298 4258 uitatem
308 4206 420 4271 implexa
431 4202 527 4257 scribit
544 4203 597 4255 liic
606 4200 634 4254 iu
644 4198 704 4271 qui-
751 4220 817 4257 reru.
829 4203 879 4269 455
889 4238 898 4269 ,
909 4200 954 4254 ubi
963 4200 997 4254 de
1007 4201 1093 4255 Furiis
1101 4201 1205 4254 Junoui
1218 4218 1267 4254 aa·
