2834 4996
277 471 596 539 ELEGIARUM
620 474 717 539 LIB.
743 476 771 539 1.
801 474 947 542 ELEG.
975 476 1003 542 l.
1151 479 1170 540 5

154 613 221 685 Seu
237 629 332 686 vetus
350 612 383 684 in
403 611 501 686 trivio
516 611 615 687 llorea
632 630 719 687 serta
734 611 842 714 lapis:

102 738 150 809 Et
170 735 393 836 quodeunque
410 735 493 809 mihi
510 763 646 836 pomum
664 765 771 810 novus
788 737 903 810 educat
919 766 1045 825 annus,

155 857 312 930 Libatum
328 855 480 952 agricolae
496 858 635 958 ponitur
650 876 725 932 ante
744 858 828 945 de03

103 977 204 1054 Flava
223 981 343 1066 Ceres,
365 980 426 1053 tibi
444 980 488 1053 sit
505 998 621 1054 nostro
638 981 677 1055 de
693 1009 769 1056 rure
786 1009 907 1055 corona
924 1014 928 1025 ¹
1143 1004 1170 1056 15

156 1101 290 1202 Spicea,
309 1130 382 1202 qnae
399 1099 514 1202 templi
529 1102 671 1202 pendeat
688 1121 762 1177 ante
780 1101 888 1190 fores;

103 1225 326 1325 Pomosisque
344 1223 444 1298 ruber
461 1243 573 1299 custos
591 1242 736 1326 ponatur
753 1227 788 1298 in
803 1225 927 1312 hortis,

102 1422 213 1491 ἐῴη.
229 1440 289 1489 que
299 1420 471 1475 Brouekbusii
481 1420 614 1492 explicatio
663 1441 756 1475 mnum
769 1419 927 1491 intelligunt,
937 1421 1016 1476 Bacb.
1024 1420 1170 1490 Silvanum,

103 1510 160 1565 eat,
173 1499 219 1553 red
234 1500 261 1552 in
276 1500 332 1553 loco
344 1499 447 1553 deserto
461 1498 488 1552 b.
498 1519 520 1552 e.
534 1498 615 1552 insce-
663 1519 743 1569 quern
754 1498 833 1553 etiam
843 1499 890 1552 boc
898 1498 955 1552 loeo
963 1499 988 1552 J.
996 1500 1032 1553 H.
1040 1499 1114 1554 Voss.
1126 1521 1174 1554 ve-

102 1580 324 1648 quentepoeitus;
335 1579 455 1648 Propert.
464 1577 477 1632 l
485 1616 493 1643 ,
502 1594 553 1644 xx,
566 1577 612 1631 36:
662 1588 772 1631 neratur
781 1600 788 1643 ς
798 1576 844 1631 sed
855 1577 980 1647 Vulpius,
991 1579 1065 1648 cujus
1074 1579 1102 1633 iu
1112 1598 1171 1633 ren·

104 1676 119 1701 ι
135 1654 247 1709 lloocida
261 1659 366 1708 desertis
380 1674 457 1725 poma
472 1655 520 1707 sub
539 1654 614 1706 arbo·
663 1656 772 1710 tentiam
783 1658 900 1711 eundum
908 1657 1071 1724 censuimus,
1082 1678 1173 1727 quem·

103 1734 186 1789 ribus.
203 1757 217 1782 ι
235 1734 377 1801 Moechus,
397 1736 457 1801 lu,
478 1753 543 1787 verr.
564 1751 613 1785 21:
663 1752 767 1802 cunque
788 1733 949 1802 agriculture
973 1733 1109 1802 precidem
1132 1734 1174 1790 hic

104 1817 155 1869 Οὔκ
174 1811 206 1868 ἴτ’
220 1815 360 1886 ipnpee'ew
376 1815 417 1867 leb
435 1817 513 1887 δρυσὶν
537 1816 615 1878 ἥμενος
665 1809 810 1878 designari,
824 1809 958 1864 existimat.

106 1895 168 1962 ᾇὴι.
182 1892 312 1946 Huscnx.
702 1891 739 1940 15.
749 1886 882 1940 Videntur
893 1899 920 1941 et
934 1887 976 1941 alii
989 1888 1025 1942 dii
1033 1890 1172 1945 rurationir

141 1990 180 2024 ra.
189 1971 365 2025 Horeaserta.
379 1968 471 2023 Codex
483 1967 563 2022 Pario
575 1985 618 2019 ex·
666 1963 787 2033 presides
804 1982 912 2018 coronas
929 1965 1025 2034 spiceae
1045 1978 1173 2037 gestarem

105 2047 179 2103 bibet
186 2048 298 2115 llon'du
313 2047 445 2104 Brouckli.
454 2046 530 2101 docet
536 2055 618 2119 florea
665 2054 754 2112 aperte
768 2042 818 2096 bor
830 2052 940 2097 testatur
953 2056 1043 2099 noster
1058 2057 1133 2116 poeta
1145 2045 1174 2100 in

106 2126 157 2181 elici
169 2147 228 2196 qut
239 2148 271 2182 ex
282 2127 391 2182 llom'bus
405 2127 474 2180 fiunt
491 2137 535 2180 aut
547 2144 618 2180 con·
666 2120 720 2175 fine
732 2121 811 2189 buius
827 2120 901 2189 libri,
920 2122 960 2176 El.
975 2142 1009 2192 x,
1022 2145 1058 2179 ve.
1071 2146 1109 2178 aa.
1122 2123 1175 2180 llic

106 2217 252 2260 texuntur:
264 2206 291 2258 in
296 2209 400 2274 floridis
411 2217 499 2258 autem
515 2202 619 2256 ridetur
665 2220 720 2253 non
733 2199 818 2270 agitur
825 2200 857 2255 de
869 2222 966 2256 corona
974 2223 1032 2271 queo
1041 2203 1126 2258 crines
1136 2223 1176 2258 re·

106 2304 161 2338 eece
172 2286 307 2339 translatio
320 2285 439 2354 quadam
454 2303 512 2354 que
523 2284 618 2351 jucun·
666 2278 795 2346 dirueret,
808 2280 926 2350 sequitur
937 2281 1009 2336 enim
1023 2283 1110 2337 statim
1122 2304 1176 2352 quc

107 2360 217 2415 «litatem
231 2362 361 2431 significet
374 2399 382 2427 ,
397 2372 424 2414 et
440 2357 619 2431 pulchritudi-
666 2360 1018 2428 templr'pendeatarlesores.
1027 2361 1175 2414 Beoncxu.

106 2436 557 2508 nematqueamabilitatern3idque
566 2453 620 2487 ma·
666 2432 1174 2510 -Eodemsensqupert.lV‚1x,29:

108 2535 160 2586 gna
171 2516 354 2586 exemplorum
364 2515 438 2585 eopia
449 2515 619 2567 demonstrat.
668 2532 681 2556 «
695 2510 845 2581 Omnibus,
868 2515 939 2567 lieu!
963 2515 1044 2587 portis
1058 2515 1178 2585 pendent

144 2593 182 2647 13.
193 2594 299 2646 Novum
312 2594 375 2646 anni
387 2603 507 2662 tempus,
520 2611 555 2644 sc.
565 2590 619 2643 sive
667 2610 727 2644 mea
740 2593 816 2644 noxia
825 2603 891 2646 vota.
907 2616 920 2639 ν
939 2592 992 2647 Hic
1010 2605 1098 2646 autem
1110 2605 1176 2648 tem·

107 2669 260 2724 autumnale
268 2672 322 2724 sire
329 2671 457 2735 aestivum,
465 2668 534 2737 quod
542 2686 620 2737 poma
667 2666 702 2735 pli
714 2667 883 2736 appellatione
894 2680 970 2737 poeta
980 2669 1102 2723 sacellum
1110 2671 1176 2723 deri·

108 2749 242 2802 mentia
261 2747 388 2816 temperie
402 2766 448 2800 aua
460 2745 540 2797 soret.
560 2743 620 2795 Hoc
668 2753 746 2812 gnat;
758 2755 787 2796 ut
799 2744 826 2797 iu
839 2743 968 2814 Elegiax,
983 2765 1049 2798 vers.
1062 2749 1174 2800 20:512-

108 2824 186 2878 enim
197 2835 235 2878 eet
245 2828 337 2877 educat
348 2821 389 2875 vel
401 2821 552 2891 simpliciter
562 2838 621 2888 pro·
667 2825 713 2874 bal
718 2827 747 2893 Ιιἰι
758 2826 850 2889 αἱμα
857 2824 954 2889 liparus
965 2826 1017 2876 ede
1026 2827 1096 2876 deus.

109 2901 174 2967 sert,
186 2901 274 2972 gignit,
283 2902 347 2954 utin
355 2900 469 2963 lusibus,
482 2898 512 2949 31
524 2915 530 2949 :
544 2918 558 2942 o
567 2896 620 2949 Be·
705 2919 741 2968 ¹7·
756 2896 945 2951 Iluberdicitur
957 2899 1017 2968 quia
1032 2900 1114 2954 minio
1131 2900 1178 2971 pi·-

111 2992 184 3041 ¹taire
197 2992 306 3052 quantae
328 2980 419 3033 hortus
440 2977 533 3033 educat
559 2976 621 3028 nul·
668 2991 741 3040 ctus;
758 2989 851 3031 notum
867 2995 897 3029 ex
917 2977 1020 3032 lusibus.
1037 2980 1129 3035 Hm.
1145 3008 1178 3021 ···

109 3056 159 3113 lua.
171 3081 186 3105 ν
202 3060 314 3113 Annum
332 3059 460 3111 vocabant
477 3058 621 3129 quamlibet
670 3056 813 3110 Lambinus
821 3059 929 3110 donatur
936 3057 1071 3129 legebatiu
1083 3060 1178 3117 Horat.

111 3137 175 3191 anni
189 3147 308 3208 partem,
332 3135 421 3190 addito
440 3135 556 3206 epitheto
576 3134 622 3187 di·
669 3134 927 3208 lib.1,sayr.vm,
941 3140 1046 3203 rernd,
1061 3139 1178 3194 etLucae

110 3215 249 3271 atrctiooia
259 3213 349 3285 gratia.
363 3214 456 3266 linuit.
670 3233 774 3283 qnoque
784 3214 933 3280 Frnteriur,
948 3216 1028 3285 Epist.
1041 3220 1073 3284 5,
1088 3219 1178 3274 adsen-

153 3294 192 3359 ¹4
214 3290 308 3346 Codex
326 3289 408 3345 Paris.
425 3309 486 3343 cum
503 3287 620 3342 editione
670 3293 751 3348 tiente
765 3293 995 3363 Liuineio-Sed
1007 3297 1179 3362 pour'dieitnr

113 3391 175 3426 ano.
185 3374 248 3440 1472
257 3370 342 3428 etaliir
352 3370 482 3426 codicibus
491 3370 574 3436 MSS,
583 3389 622 3423 ex·
671 3373 780 3442 Priapus
788 3374 868 3427 verbo
879 3374 984 3444 proprio
993 3414 1001 3441 ,
1010 3376 1080 3443 quod
1088 3377 1179 3430 sedem

113 3453 186 3507 bibet
201 3463 264 3506 aute
278 3456 357 3507 deum.
372 3453 495 3505 llluretus
512 3448 624 3503 correxit
672 3463 744 3505 notat
760 3465 858 3506 certam
873 3471 901 3504 ac
918 3451 1052 3518 stabilem,
1072 3453 1117 3505 ubi
1137 3453 1179 3507 ille

110 3537 215 3597 ponitur
225 3541 286 3584 arte
300 3534 353 3584 deo.
372 3533 461 3586 luerat
472 3527 554 3583 codici
573 3527 623 3580 Co·
671 3527 809 3598 perdiuset
819 3546 918 3597 pernox
927 3528 1044 3581 excubiae
1053 3540 1109 3598 agat
1118 3550 1180 3584 con·

114 3606 170 3661 lotii
183 3611 335 3676 operulam,
343 3649 349 3660 .
357 3612 451 3668 deum,
468 3605 538 3674 quod
547 3604 574 3657 in
584 3624 624 3656 ex·
671 3618 712 3660 tra
721 3608 799 3671 sures,
811 3617 865 3660 tarn
876 3606 991 3660 volantes
1003 3626 1081 3676 quam
1089 3610 1179 3663 ambu-

115 3691 210 3756 cerptis
224 3687 355 3740 Antonini
367 3685 462 3740 Pocchi
482 3686 623 3754 legebatur.
671 3683 762 3737 lantes.
770 3683 814 3738 Sic
824 3685 877 3752 ipse
886 3683 918 3738 de
929 3684 1098 3753 repraedicat:
1108 3710 1122 3733 α
1131 3689 1180 3742 Pa·

115 3761 168 3818 Alii
181 3769 333 3833 agrr'colas...
345 3769 404 3818 deos
415 3764 583 3828 maluerunt,
596 3762 623 3813 in
672 3783 733 3816 rum
745 3774 784 3816 est
798 3761 916 3816 Misellur
931 3763 1032 3817 fixerim
1053 3765 1123 3835 quod
1139 3766 1182 3819 bic

116 3843 211 3915 quibus
224 3843 362 3910 Barthius,
372 3844 502 3898 etJoann.
511 3841 624 3897 Pricaeur
672 3842 780 3907 cedern,
798 3842 902 3911 Ageute
914 3854 984 3898 terra
1004 3864 1051 3914 per
1068 3848 1180 3899 canicu-

116 3922 162 3992 qni
172 3935 198 3976 et
211 3922 365 3991 interpretes
377 3924 426 3977 hoe
437 3943 492 3976 non
504 3919 625 3975 advertis·
673 3920 725 3973 lam
749 3920 844 3986 rimas,
865 3920 1029 3976 Siticuloaarn
1049 3923 1180 3977 sustinent

115 4022 143 4055 re
160 4001 320 4071 indignatur.
332 4000 625 4056 Beonan-Absolu-
674 3996 716 4052 die
737 4008 875 4062 oetatem
902 4000 1001 4053 Parum
1022 4000 1092 4068 quod
1115 3999 1182 4052 imos

117 4089 143 4133 te
160 4078 196 4131 ita
212 4078 313 4133 dictum
330 4079 410 4132 deum
429 4078 569 4150 agricolam
584 4077 626 4132 vix
674 4077 800 4147 P‘rtuunt
818 4079 891 4131 sinna
907 4078 1020 4145 imbres,
1035 4079 1070 4131 Et
1087 4079 1114 4130 in
1133 4097 1184 4132 ca-

117 4153 261 4209 aliumeare
270 4166 343 4225 putat
353 4157 441 4228 lleyn.
452 4175 530 4228 quam
543 4155 626 4218 Priaf·
673 4155 895 4226 pillorgrandiucs
902 4155 1122 4222 raduntnortros,
1136 4155 1185 4209 Ri-

118 4254 184 4304 pum
192 4256 201 4303 3
210 4235 342 4291 Brourbb.
351 4247 377 4290 et
388 4235 512 4291 Heinriur
520 4237 625 4292 Vertu-
677 4245 772 4306 getque
782 4232 849 4289 dura
860 4234 942 4289 barba
952 4233 1039 4290 vincta
1049 4231 1182 4306 crystallo,
