2834 4996
176 435 239 497 xxiv
569 437 629 496 DE
659 437 855 498 TtBUffl

176 566 207 623 in
222 564 292 625 libro
303 563 418 636 Colum,
433 565 463 622 in
479 565 654 641 Florentino,
670 571 700 628 in
715 570 804 628 veteri
816 568 901 638 libm,
917 569 959 626 sio
969 565 1063 643 sitisse
1078 566 1238 646 affirment,

176 673 331 739 estanar,
352 677 382 726 et
401 662 519 726 similem
541 666 620 727 aliam
641 667 821 730 collationem
841 666 923 728 etiam
944 669 1066 730 Heinsio
1089 671 1243 756 contigisse

175 765 259 848 panio
277 777 344 848 post
359 763 532 837 videbimus3
550 787 638 844 porro
656 766 758 826 librum
781 766 926 841 Marcelli,
947 767 1092 848 pontificis
1111 771 1242 845 maximi,

175 863 340 928 Patauinum
354 875 383 923 et
398 864 469 925 duos
480 876 588 925 veteres
599 863 687 924 libros
699 886 776 924 suos.
792 864 869 924 ldem
878 865 965 935 alios,
979 866 1030 946 qui
1043 867 1156 928 codices
1168 889 1244 929 con-

175 965 316 1038 tulerant,
330 964 519 1027 consuluerat
531 965 602 1023 Non
613 985 709 1044 paucae
720 965 780 1046 ejus
796 963 950 1036 lectiones,
961 964 991 1048 id
1004 965 1082 1045 quod
1091 986 1144 1046 per
1152 989 1183 1028 se
1193 968 1244 1027 in-

179 1059 334 1142 telligitur,
352 1079 417 1118 curn
434 1057 573 1117 Vaticanis
588 1058 702 1119 Heinsii
719 1059 904 1121 conveniunt.

221 1187 236 1213 n
248 1159 342 1219 Jonas
349 1156 446 1215 Douso
456 1166 535 1232 pater
546 1156 669 1234 aLipsio
681 1157 837 1218 lectionum
848 1157 879 1218 in
890 1158 1036 1219 Tibullum
1043 1160 1189 1222 varietates
1201 1183 1245 1223 ae-

179 1271 305 1343 ceperat,
319 1278 387 1340 quas
404 1256 468 1327 iile,
486 1256 553 1315 dum
568 1259 671 1319 Romae
685 1271 776 1333 esset,
791 1281 828 1318 en
838 1262 960 1344 antiquo
972 1261 1244 1322 membrunoceonm

180 1361 305 1420 codicum
310 1354 374 1433 fide
389 1366 582 1436 excerpserat,
601 1378 617 1417 e
634 1357 736 1438 quibus
753 1357 924 1440 insigniores
940 1359 1106 1419 memoravit
1124 1359 1154 1419 in
1165 1362 1246 1422 Pnou-

180 1454 305 1515 cidanois
321 1452 352 1512 in
368 1448 516 1511 Tihutlum
532 1471 558 1511 c.
579 1450 636 1528 15,
656 1452 703 1515 16.
721 1455 795 1514 Sunt
809 1453 884 1515 inter
900 1474 945 1514 eas
961 1454 1126 1528 nonnullo,
1139 1474 1204 1536 quar
1214 1456 1245 1514 in

180 1551 264 1612 nullis
285 1548 346 1610 aliis
371 1544 452 1610 iibris
473 1550 671 1628 reperiuntur,
688 1565 721 1612 ut
741 1552 820 1614 facile
836 1554 927 1631 possit
950 1555 1074 1635 suspicio
1098 1551 1244 1626 subnasci,

179 1647 254 1709 libro
276 1645 383 1709 noenia
405 1647 566 1730 antiquiore
588 1650 716 1728 lipsium
735 1674 818 1711 usum
833 1671 909 1721 esse;
928 1673 1026 1712 vemm
1047 1663 1115 1711 sunt
1130 1671 1171 1712 ene
1187 1650 1246 1712 lere

181 1741 338 1826 ejusmodi,
352 1753 386 1802 ut
401 1762 418 1803 e
431 1743 486 1803 riri
496 1745 614 1827 alicujus
626 1746 705 1809 ducti
720 1746 835 1829 ingenio
852 1746 988 1830 proiecte
1003 1769 1063 1808 esse
1074 1747 1163 1809 rideri
1176 1770 1245 1829 pos-

181 1848 248 1904 sint.
261 1846 335 1904 Nam
348 1844 427 1927 quod
437 1842 494 1917 boc
508 1846 605 1908 saitem
616 1847 683 1909 loco
696 1871 711 1908 a
722 1870 767 1910 me
779 1848 953 1910 monendum
966 1860 1025 1920 est,
1042 1871 1147 1929 quum,
1164 1849 1246 1909 tine-

182 1966 275 2006 rarnm
287 1945 464 2027 antiquarum
474 1947 568 2008 studio
583 1948 719 2021 reducto,
735 1948 770 2008 ad
783 1950 913 2027 poeticen
925 1951 1081 2008 Romanam
1092 1950 1247 2010 multorum

182 2046 295 2129 ingenia
311 2045 416 2107 saeculo
431 2048 501 2106 xtv
515 2060 544 2107 et
554 2047 609 2106 XV
625 2068 655 2108 se
669 2058 884 2119 converterent,
898 2045 1029 2106 Tibullus
1044 2047 1173 2127 inprimis
1192 2047 1248 2107 suit

183 2145 225 2218 is,
242 2167 326 2226 quem
342 2147 532 2227 exprimerent
548 2145 675 2207 certatim
694 2145 764 2204 tuti.
785 2144 906 2206 Laudari
927 2147 981 2227 jam
997 2165 1081 2225 supra
1096 2144 1246 2206 Herculem

185 2356 330 2425 poetarum
350 2344 461 2404 delicias
478 2342 588 2407 adierit.
601 2345 668 2404 Hoc
682 2343 973 2427 ingeniosissimorum
987 2342 1135 2403 bominum
1152 2343 1247 2402 studio

184 2443 289 2503 iactum
310 2455 372 2518 cst,
389 2454 420 2501 ut
437 2441 545 2504 Tibulli
569 2443 734 2524 exemplaria
757 2440 1005 2502 circumferrentur
1023 2443 1124 2518 passim
1147 2443 1249 2504 aeiris

186 2541 277 2601 doctis
295 2541 459 2614 emendata,
473 2541 580 2603 iacunis
596 2541 679 2602 etiam
691 2540 846 2622 suppletis,
858 2541 984 2622 adeoque
1001 2541 1139 2620 ejusmodi
1156 2562 1250 2601 exem-

187 2640 290 2717 plaria,
310 2663 391 2720 quae,
407 2662 477 2702 vero
499 2640 631 2711 nomine,
651 2640 818 2718 interpolata
835 2654 922 2701 erant.
940 2640 1030 2700 Multa
1051 2641 1138 2724 igitur
1155 2640 1251 2714 elimi-

187 2736 277 2796 nanda
289 2736 366 2799 inere
377 2737 407 2796 in
418 2736 515 2814 primis
527 2739 633 2798 biureti
648 2737 873 2811 recensionibus;
888 2737 1035 2818 dequibus
1047 2737 1165 2819 singulis
1180 2736 1250 2797 locis

187 2837 360 2898 monuimus.
370 2836 469 2920 Atque
480 2838 541 2899 hoec
553 2859 641 2919 quum
657 2859 717 2898 non
733 2837 872 2920 fugissent
884 2836 945 2897 Jos.
954 2838 1146 2914 Scaligerum,
1160 2836 1251 2898 virum

186 2936 285 3018 judicii
297 2949 326 2998 et
337 2935 445 3018 ingenii
455 2937 482 2996 ri
492 2935 770 3023 prenstantissimum,
781 2959 870 3017 quum
880 2936 933 2996 sibi
943 2936 1085 2998 videretur
1096 2956 1155 2995 non
1165 2955 1252 3016 panca

189 3032 292 3093 lucain
302 3031 409 3092 Tibulli
418 3032 527 3115 Elegiis
540 3033 765 3111 deprehendere,
776 3055 840 3114 quae
850 3033 931 3095 nulio
941 3055 1038 3094 sensus
1050 3032 1165 3094 vinculo
1177 3031 1252 3090 inter

189 3152 219 3191 se
231 3131 552 3207 comprehenderentur,
564 3155 651 3213 quum
668 3133 697 3190 in
714 3153 749 3192 eo
767 3131 919 3194 subsistere
936 3131 1067 3203 deberet,
1083 3143 1115 3189 ut
1130 3128 1252 3209 piurium

190 3229 352 3314 Elegiarum
372 3227 509 3305 excerptis
531 3226 649 3309 primam
669 3242 698 3290 et
715 3230 866 3291 secundam
881 3229 945 3291 libri
960 3227 1044 3307 primi
1060 3237 1190 3288 constare
1206 3225 1253 3284 di-

190 3342 283 3402 ceret,
294 3349 331 3388 eo
347 3327 477 3401 devenit,
491 3339 525 3386 ut
540 3348 637 3390 rersm
647 3330 803 3390 nonnullos
813 3353 847 3391 ex
856 3331 949 3390 minus
961 3328 1112 3390 commodo
1124 3326 1155 3385 in
1170 3348 1254 3387 com-

190 3429 368 3499 modiorem,
379 3440 411 3487 ot
422 3427 448 3488 ei
459 3427 616 3499 videbatur,
628 3427 722 3488 iocum
732 3427 908 3501 transferret,
919 3427 997 3510 quod
1007 3425 1167 3487 institutum
1179 3424 1254 3485 idem

190 3525 222 3584 in
234 3523 406 3606 Propertio,
423 3524 509 3584 etiam
525 3523 556 3585 in
570 3524 710 3597 Manilio,
729 3535 758 3583 et
771 3524 802 3584 in
815 3525 949 3607 Sulpiciae
961 3525 1066 3598 Satira,
1083 3526 1180 3585 Dousa
1194 3520 1255 3602 qui-

194 3623 259 3685 dem
275 3638 305 3686 et
319 3624 438 3686 Barthio
454 3624 614 3702 probante,
632 3625 760 3687 servavit.
778 3628 818 3686 Et
834 3626 926 3687 nostri
944 3625 1057 3708 quidem
1072 3635 1167 3702 poetro
1182 3623 1256 3685 Ete-

192 3724 265 3805 giam
279 3724 418 3801 primam,
437 3737 469 3784 ut
485 3725 632 3804 plerasque
648 3723 712 3785 libri
731 3723 851 3806 prioris,
866 3724 948 3803 plane
966 3722 1130 3801 discerpsit,
1147 3734 1176 3782 et
1190 3734 1258 3782 tan-

192 3845 277 3905 quam
288 3824 407 3906 Absyrti
426 3823 541 3906 alicujus
556 3824 644 3885 lacera
660 3823 783 3886 membra
794 3835 904 3906 ,partes
920 3825 981 3906 ejus
996 3821 1134 3901 dispersit
1151 3823 1258 3882 Enim·

193 3942 280 3995 vero,
292 3933 325 3982 ut
334 3922 501 3996 concedam,
513 3922 625 4004 aliquot
634 3922 879 4006 paginas,aliquot
888 3944 1003 3994 versus,
1014 3919 1092 4003 quod
1101 3920 1256 3992 interdum,

194 4042 220 4080 v.
238 4039 264 4079 c.
288 4018 319 4078 in
336 4017 483 4093 Lucieno,
501 4016 605 4081 lactum
623 4017 761 4093 vidimus,
774 4019 962 4098 transpositos
982 4038 1062 4094 esse,
1081 4030 1175 4079 tamen
1188 4013 1258 4084 illud

194 4115 359 4181 incredibile
373 4127 436 4192 est,
449 4117 478 4176 in
493 4116 595 4179 eodem
611 4116 733 4180 carmine
745 4116 784 4178 ita
799 4117 905 4182 laxatos
917 4139 978 4182 esse
990 4141 1087 4181 versos
1100 4161 1109 4192 ,
1123 4126 1155 4176 ut
1170 4113 1259 4176 modo
