<?xml version="1.0" encoding="UTF-8"?>
<!DOCTYPE html PUBLIC "-//W3C//DTD XHTML 1.0 Transitional//EN"
    "http://www.w3.org/TR/xhtml1/DTD/xhtml1-transitional.dtd">
<html xmlns="http://www.w3.org/1999/xhtml" xml:lang="en" lang="en">
 <head>
  <title>
</title>
<meta http-equiv="Content-Type" content="text/html;charset=utf-8" />
  <meta name='ocr-system' content='tesseract 3.04.00' />
  <meta name='ocr-capabilities' content='ocr_page ocr_carea ocr_par ocr_line ocrx_word'/>
</head>
<body>
  <div class='ocr_page' id='page_1' title='image "albiitibulliqua00golbgoog_0060.png"; bbox 0 0 2834 4996; ppageno 0'>
   <div class='ocr_carea' id='block_1_1' title="bbox 171 424 846 506">
    <p class='ocr_par' dir='ltr' id='par_1_1' title="bbox 171 424 846 506">
     <span class='ocr_line' id='line_1_1' title="bbox 171 424 846 506; baseline 0.004 -20"><span class='ocrx_word' id='word_1_1' title='bbox 171 424 230 506; x_wconf 73' lang='lat' dir='ltr'>1an</span> <span class='ocrx_word' id='word_1_2' title='bbox 557 427 616 487; x_wconf 82' lang='lat' dir='ltr'>nn</span> <span class='ocrx_word' id='word_1_3' title='bbox 647 427 846 489; x_wconf 71' lang='lat' dir='ltr'>renuam</span> 
     </span>
    </p>
   </div>
   <div class='ocr_carea' id='block_1_2' title="bbox 164 556 1243 2036">
    <p class='ocr_par' dir='ltr' id='par_1_2' title="bbox 164 556 1243 2036">
     <span class='ocr_line' id='line_1_2' title="bbox 209 556 1243 640; baseline 0.009 -20"><span class='ocrx_word' id='word_1_4' title='bbox 209 562 282 622; x_wconf 83' lang='lat' dir='ltr'>llaec</span> <span class='ocrx_word' id='word_1_5' title='bbox 300 556 389 621; x_wconf 89' lang='lat' dir='ltr'>editio</span> <span class='ocrx_word' id='word_1_6' title='bbox 409 557 558 640; x_wconf 73' lang='lat' dir='ltr'>diligenter</span> <span class='ocrx_word' id='word_1_7' title='bbox 573 570 640 640; x_wconf 92' lang='lat' dir='ltr'>post</span> <span class='ocrx_word' id='word_1_8' title='bbox 655 558 810 621; x_wconf 84' lang='lat' dir='ltr'>lleinsium</span> <span class='ocrx_word' id='word_1_9' title='bbox 825 559 861 621; x_wconf 87' lang='lat' dir='ltr'>ab</span> <span class='ocrx_word' id='word_1_10' title='bbox 884 560 1036 624; x_wconf 85' lang='lat' dir='ltr'>Huschlio</span> <span class='ocrx_word' id='word_1_11' title='bbox 1052 582 1169 627; x_wconf 69' lang='lat' dir='ltr'>mcussa</span> <span class='ocrx_word' id='word_1_12' title='bbox 1187 578 1243 629; x_wconf 86' lang='lat' dir='ltr'>est.</span> 
     </span>
     <span class='ocr_line' id='line_1_3' title="bbox 169 658 1241 745; baseline 0.01 -25"><span class='ocrx_word' id='word_1_13' title='bbox 169 661 335 734; x_wconf 77' lang='lat' dir='ltr'>variantes,</span> <span class='ocrx_word' id='word_1_14' title='bbox 356 658 479 720; x_wconf 79' lang='lat' dir='ltr'>Antonii</span> <span class='ocrx_word' id='word_1_15' title='bbox 497 658 651 721; x_wconf 89' lang='lat' dir='ltr'>Clementii</span> <span class='ocrx_word' id='word_1_16' title='bbox 666 660 764 724; x_wconf 90' lang='lat' dir='ltr'>studio</span> <span class='ocrx_word' id='word_1_17' title='bbox 781 675 946 745; x_wconf 83' lang='lat' dir='ltr'>excerptas,</span> <span class='ocrx_word' id='word_1_18' title='bbox 972 664 1111 728; x_wconf 80' lang='lat' dir='ltr'>adacobo</span> <span class='ocrx_word' id='word_1_19' title='bbox 1128 668 1241 731; x_wconf 75' lang='lat' dir='ltr'>Gallreo</span> 
     </span>
     <span class='ocr_line' id='line_1_4' title="bbox 168 756 1242 850; baseline 0.007 -27"><span class='ocrx_word' id='word_1_20' title='bbox 168 773 313 843; x_wconf 85' lang='lat' dir='ltr'>acceperat</span> <span class='ocrx_word' id='word_1_21' title='bbox 328 756 547 832; x_wconf 71' lang='lat' dir='ltr'>broukhusius,</span> <span class='ocrx_word' id='word_1_22' title='bbox 570 758 665 819; x_wconf 78' lang='lat' dir='ltr'>editor</span> <span class='ocrx_word' id='word_1_23' title='bbox 681 759 924 845; x_wconf 74' lang='lat' dir='ltr'>cantabrigiensis</span> <span class='ocrx_word' id='word_1_24' title='bbox 944 784 961 823; x_wconf 92' lang='lat' dir='ltr'>a</span> <span class='ocrx_word' id='word_1_25' title='bbox 975 764 1167 841; x_wconf 82' lang='lat' dir='ltr'>Dennisono‚</span> <span class='ocrx_word' id='word_1_26' title='bbox 1190 768 1242 850; x_wconf 83' lang='lat' dir='ltr'>qui</span> 
     </span>
     <span class='ocr_line' id='line_1_5' title="bbox 169 858 1243 951; baseline 0.008 -30"><span class='ocrx_word' id='word_1_27' title='bbox 169 885 229 926; x_wconf 86' lang='lat' dir='ltr'>eam</span> <span class='ocrx_word' id='word_1_28' title='bbox 247 870 453 942; x_wconf 72' lang='lat' dir='ltr'>comparaverat</span> <span class='ocrx_word' id='word_1_29' title='bbox 468 880 533 919; x_wconf 87' lang='lat' dir='ltr'>cum</span> <span class='ocrx_word' id='word_1_30' title='bbox 550 858 675 921; x_wconf 81' lang='lat' dir='ltr'>editione</span> <span class='ocrx_word' id='word_1_31' title='bbox 694 860 933 945; x_wconf 80' lang='lat' dir='ltr'>Raphelengiana.</span> <span class='ocrx_word' id='word_1_32' title='bbox 953 864 1060 927; x_wconf 82' lang='lat' dir='ltr'>Habuit</span> <span class='ocrx_word' id='word_1_33' title='bbox 1075 890 1192 951; x_wconf 75' lang='lat' dir='ltr'>quoque</span> <span class='ocrx_word' id='word_1_34' title='bbox 1209 869 1243 930; x_wconf 90' lang='lat' dir='ltr'>in</span> 
     </span>
     <span class='ocr_line' id='line_1_6' title="bbox 168 957 1241 1048; baseline 0.006 -27"><span class='ocrx_word' id='word_1_35' title='bbox 168 959 295 1022; x_wconf 89' lang='lat' dir='ltr'>manibus</span> <span class='ocrx_word' id='word_1_36' title='bbox 307 958 446 1041; x_wconf 79' lang='lat' dir='ltr'>lleynius.</span> <span class='ocrx_word' id='word_1_37' title='bbox 458 959 493 1016; x_wconf 90' lang='lat' dir='ltr'>ln</span> <span class='ocrx_word' id='word_1_38' title='bbox 501 957 621 1035; x_wconf 80' lang='lat' dir='ltr'>exempli</span> <span class='ocrx_word' id='word_1_39' title='bbox 632 958 845 1035; x_wconf 74' lang='lat' dir='ltr'>berolinensis,</span> <span class='ocrx_word' id='word_1_40' title='bbox 859 984 917 1043; x_wconf 90' lang='lat' dir='ltr'>quo</span> <span class='ocrx_word' id='word_1_41' title='bbox 931 962 1096 1026; x_wconf 80' lang='lat' dir='ltr'>Huschkius</span> <span class='ocrx_word' id='word_1_42' title='bbox 1107 966 1241 1048; x_wconf 77' lang='lat' dir='ltr'>aliquam·</span> 
     </span>
     <span class='ocr_line' id='line_1_7' title="bbox 166 1057 1240 1144; baseline 0.008 -21"><span class='ocrx_word' id='word_1_43' title='bbox 166 1064 216 1124; x_wconf 92' lang='lat' dir='ltr'>diu</span> <span class='ocrx_word' id='word_1_44' title='bbox 232 1084 287 1123; x_wconf 90' lang='lat' dir='ltr'>una</span> <span class='ocrx_word' id='word_1_45' title='bbox 305 1083 370 1122; x_wconf 90' lang='lat' dir='ltr'>cum</span> <span class='ocrx_word' id='word_1_46' title='bbox 389 1057 531 1137; x_wconf 87' lang='lat' dir='ltr'>Lipsiensi</span> <span class='ocrx_word' id='word_1_47' title='bbox 551 1081 618 1119; x_wconf 90' lang='lat' dir='ltr'>usus</span> <span class='ocrx_word' id='word_1_48' title='bbox 640 1072 702 1132; x_wconf 82' lang='lat' dir='ltr'>est,</span> <span class='ocrx_word' id='word_1_49' title='bbox 722 1061 856 1122; x_wconf 77' lang='lat' dir='ltr'>schedula</span> <span class='ocrx_word' id='word_1_50' title='bbox 872 1064 985 1144; x_wconf 80' lang='lat' dir='ltr'>praefixa</span> <span class='ocrx_word' id='word_1_51' title='bbox 1000 1069 1108 1127; x_wconf 82' lang='lat' dir='ltr'>loann.</span> <span class='ocrx_word' id='word_1_52' title='bbox 1125 1069 1240 1132; x_wconf 79' lang='lat' dir='ltr'>hoton.</span> 
     </span>
     <span class='ocr_line' id='line_1_8' title="bbox 165 1158 1240 1247; baseline 0.01 -27"><span class='ocrx_word' id='word_1_53' title='bbox 165 1162 312 1223; x_wconf 86' lang='lat' dir='ltr'>Verdanus</span> <span class='ocrx_word' id='word_1_54' title='bbox 330 1158 569 1231; x_wconf 86' lang='lat' dir='ltr'>Mediolanensis‚</span> <span class='ocrx_word' id='word_1_55' title='bbox 587 1158 655 1220; x_wconf 92' lang='lat' dir='ltr'>olim</span> <span class='ocrx_word' id='word_1_56' title='bbox 669 1158 851 1222; x_wconf 68' lang='lat' dir='ltr'>bibliothece</span> <span class='ocrx_word' id='word_1_57' title='bbox 863 1162 966 1224; x_wconf 86' lang='lat' dir='ltr'>Jacobi</span> <span class='ocrx_word' id='word_1_58' title='bbox 979 1164 1160 1247; x_wconf 72' lang='lat' dir='ltr'>superantii,</span> <span class='ocrx_word' id='word_1_59' title='bbox 1179 1167 1240 1231; x_wconf 83' lang='lat' dir='ltr'>Se-</span> 
     </span>
     <span class='ocr_line' id='line_1_9' title="bbox 166 1254 1239 1348; baseline 0.003 -25"><span class='ocrx_word' id='word_1_60' title='bbox 166 1259 273 1323; x_wconf 91' lang='lat' dir='ltr'>natoris</span> <span class='ocrx_word' id='word_1_61' title='bbox 289 1256 413 1329; x_wconf 79' lang='lat' dir='ltr'>Veneti,</span> <span class='ocrx_word' id='word_1_62' title='bbox 433 1254 581 1336; x_wconf 70' lang='lat' dir='ltr'>preelectus</span> <span class='ocrx_word' id='word_1_63' title='bbox 597 1254 660 1316; x_wconf 73' lang='lat' dir='ltr'>haec</span> <span class='ocrx_word' id='word_1_64' title='bbox 676 1258 806 1320; x_wconf 74' lang='lat' dir='ltr'>notavit:</span> <span class='ocrx_word' id='word_1_65' title='bbox 822 1286 836 1316; x_wconf 75' lang='lat' dir='ltr'>a</span> <span class='ocrx_word' id='word_1_66' title='bbox 854 1262 943 1323; x_wconf 74' lang='lat' dir='ltr'>Notse</span> <span class='ocrx_word' id='word_1_67' title='bbox 958 1276 1124 1343; x_wconf 78' lang='lat' dir='ltr'>perpetuae,</span> <span class='ocrx_word' id='word_1_68' title='bbox 1136 1264 1239 1348; x_wconf 83' lang='lat' dir='ltr'>quibua</span> 
     </span>
     <span class='ocr_line' id='line_1_10' title="bbox 167 1354 1240 1443; baseline 0.004 -22"><span class='ocrx_word' id='word_1_69' title='bbox 167 1360 213 1422; x_wconf 91' lang='lat' dir='ltr'>hic</span> <span class='ocrx_word' id='word_1_70' title='bbox 221 1357 307 1418; x_wconf 85' lang='lat' dir='ltr'>Liber</span> <span class='ocrx_word' id='word_1_71' title='bbox 317 1356 484 1427; x_wconf 83' lang='lat' dir='ltr'>illustratur,</span> <span class='ocrx_word' id='word_1_72' title='bbox 498 1366 614 1415; x_wconf 70' lang='lat' dir='ltr'>exaralae</span> <span class='ocrx_word' id='word_1_73' title='bbox 622 1354 737 1417; x_wconf 85' lang='lat' dir='ltr'>luerunt</span> <span class='ocrx_word' id='word_1_74' title='bbox 747 1358 808 1437; x_wconf 88' lang='lat' dir='ltr'>ipsa</span> <span class='ocrx_word' id='word_1_75' title='bbox 816 1360 981 1421; x_wconf 74' lang='lat' dir='ltr'>Alexandri</span> <span class='ocrx_word' id='word_1_76' title='bbox 987 1363 1240 1443; x_wconf 78' lang='lat' dir='ltr'>Synclils‘cimann.</span> 
     </span>
     <span class='ocr_line' id='line_1_11' title="bbox 166 1453 1240 1524; baseline 0.006 -6"><span class='ocrx_word' id='word_1_77' title='bbox 166 1458 233 1519; x_wconf 85' lang='lat' dir='ltr'>Fuit</span> <span class='ocrx_word' id='word_1_78' title='bbox 244 1467 336 1517; x_wconf 89' lang='lat' dir='ltr'>autem</span> <span class='ocrx_word' id='word_1_79' title='bbox 346 1454 370 1515; x_wconf 90' lang='lat' dir='ltr'>is</span> <span class='ocrx_word' id='word_1_80' title='bbox 389 1453 495 1514; x_wconf 90' lang='lat' dir='ltr'>nobilis</span> <span class='ocrx_word' id='word_1_81' title='bbox 516 1453 661 1516; x_wconf 85' lang='lat' dir='ltr'>Cretensis</span> <span class='ocrx_word' id='word_1_82' title='bbox 678 1468 707 1515; x_wconf 87' lang='lat' dir='ltr'>et</span> <span class='ocrx_word' id='word_1_83' title='bbox 726 1457 806 1519; x_wconf 86' lang='lat' dir='ltr'>Juris</span> <span class='ocrx_word' id='word_1_84' title='bbox 823 1459 854 1518; x_wconf 90' lang='lat' dir='ltr'>in</span> <span class='ocrx_word' id='word_1_85' title='bbox 872 1462 1005 1524; x_wconf 86' lang='lat' dir='ltr'>Patavina</span> <span class='ocrx_word' id='word_1_86' title='bbox 1023 1462 1175 1523; x_wconf 75' lang='lat' dir='ltr'>Academia</span> <span class='ocrx_word' id='word_1_87' title='bbox 1187 1462 1240 1524; x_wconf 90' lang='lat' dir='ltr'>in-</span> 
     </span>
     <span class='ocr_line' id='line_1_12' title="bbox 166 1553 1239 1643; baseline 0.006 -25"><span class='ocrx_word' id='word_1_88' title='bbox 166 1568 428 1634; x_wconf 85' lang='lat' dir='ltr'>terpressummus‚</span> <span class='ocrx_word' id='word_1_89' title='bbox 449 1553 1239 1643; x_wconf 77' lang='lat' dir='ltr'>celeberrimitacobieujaciidisciputusatqueaemulrs.</span> 
     </span>
     <span class='ocr_line' id='line_1_13' title="bbox 166 1650 1238 1742; baseline 0.009 -29"><span class='ocrx_word' id='word_1_90' title='bbox 166 1656 296 1716; x_wconf 86' lang='lat' dir='ltr'>Vidimus</span> <span class='ocrx_word' id='word_1_91' title='bbox 308 1650 517 1734; x_wconf 78' lang='lat' dir='ltr'>Anthologiam</span> <span class='ocrx_word' id='word_1_92' title='bbox 526 1653 584 1715; x_wconf 82' lang='lat' dir='ltr'>sive</span> <span class='ocrx_word' id='word_1_93' title='bbox 591 1654 780 1736; x_wconf 83' lang='lat' dir='ltr'>Florilegium</span> <span class='ocrx_word' id='word_1_94' title='bbox 793 1656 969 1721; x_wconf 83' lang='lat' dir='ltr'>diversorum</span> <span class='ocrx_word' id='word_1_95' title='bbox 977 1661 1238 1742; x_wconf 83' lang='lat' dir='ltr'>Epigrammalum‚</span> 
     </span>
     <span class='ocr_line' id='line_1_14' title="bbox 167 1750 1238 1836; baseline 0.004 -19"><span class='ocrx_word' id='word_1_96' title='bbox 167 1754 278 1817; x_wconf 81' lang='lat' dir='ltr'>Graecis</span> <span class='ocrx_word' id='word_1_97' title='bbox 295 1752 364 1813; x_wconf 79' lang='lat' dir='ltr'>hldi</span> <span class='ocrx_word' id='word_1_98' title='bbox 384 1750 589 1812; x_wconf 84' lang='lat' dir='ltr'>characteribus</span> <span class='ocrx_word' id='word_1_99' title='bbox 605 1774 681 1814; x_wconf 84' lang='lat' dir='ltr'>anrro</span> <span class='ocrx_word' id='word_1_100' title='bbox 700 1755 821 1817; x_wconf 85' lang='lat' dir='ltr'>MDIll.</span> <span class='ocrx_word' id='word_1_101' title='bbox 837 1758 965 1820; x_wconf 87' lang='lat' dir='ltr'>Venetiis</span> <span class='ocrx_word' id='word_1_102' title='bbox 984 1759 1115 1836; x_wconf 77' lang='lat' dir='ltr'>editum,</span> <span class='ocrx_word' id='word_1_103' title='bbox 1135 1760 1238 1823; x_wconf 86' lang='lat' dir='ltr'>eodem</span> 
     </span>
     <span class='ocr_line' id='line_1_15' title="bbox 164 1849 1238 1941; baseline 0.007 -27"><span class='ocrx_word' id='word_1_104' title='bbox 164 1854 271 1915; x_wconf 85' lang='lat' dir='ltr'>calamo</span> <span class='ocrx_word' id='word_1_105' title='bbox 282 1854 431 1934; x_wconf 83' lang='lat' dir='ltr'>Synclilici</span> <span class='ocrx_word' id='word_1_106' title='bbox 440 1897 449 1927; x_wconf 87' lang='lat'>‚</span> <span class='ocrx_word' id='word_1_107' title='bbox 463 1849 658 1933; x_wconf 88' lang='lat' dir='ltr'>similibusque</span> <span class='ocrx_word' id='word_1_108' title='bbox 668 1855 900 1917; x_wconf 89' lang='lat' dir='ltr'>annotationibus</span> <span class='ocrx_word' id='word_1_109' title='bbox 912 1857 1081 1941; x_wconf 83' lang='lat' dir='ltr'>insignitum</span> <span class='ocrx_word' id='word_1_110' title='bbox 1092 1870 1166 1923; x_wconf 83' lang='lat' dir='ltr'>etex</span> <span class='ocrx_word' id='word_1_111' title='bbox 1177 1860 1238 1941; x_wconf 83' lang='lat' dir='ltr'>ejus</span> 
     </span>
     <span class='ocr_line' id='line_1_16' title="bbox 164 1950 1238 2036; baseline 0.007 -23"><span class='ocrx_word' id='word_1_112' title='bbox 164 1951 230 2013; x_wconf 88' lang='lat' dir='ltr'>libri</span> <span class='ocrx_word' id='word_1_113' title='bbox 247 1951 399 2013; x_wconf 88' lang='lat' dir='ltr'>collatione</span> <span class='ocrx_word' id='word_1_114' title='bbox 423 1962 527 2012; x_wconf 86' lang='lat' dir='ltr'>certam</span> <span class='ocrx_word' id='word_1_115' title='bbox 546 1950 723 2013; x_wconf 82' lang='lat' dir='ltr'>annotatoris</span> <span class='ocrx_word' id='word_1_116' title='bbox 741 1976 853 2015; x_wconf 72' lang='lat' dir='ltr'>mum</span> <span class='ocrx_word' id='word_1_117' title='bbox 874 1953 904 2015; x_wconf 89' lang='lat' dir='ltr'>in</span> <span class='ocrx_word' id='word_1_118' title='bbox 930 1954 988 2017; x_wconf 87' lang='lat' dir='ltr'>hoc</span> <span class='ocrx_word' id='word_1_119' title='bbox 1005 1968 1108 2020; x_wconf 89' lang='lat' dir='ltr'>nostro</span> <span class='ocrx_word' id='word_1_120' title='bbox 1135 1957 1238 2036; x_wconf 87' lang='lat' dir='ltr'>depre-</span> 
     </span>
    </p>
   </div>
   <div class='ocr_carea' id='block_1_3' title="bbox 77 2040 352 2115">
    <p class='ocr_par' dir='ltr' id='par_1_3' title="bbox 77 2040 352 2115">
     <span class='ocr_line' id='line_1_17' title="bbox 77 2040 352 2115; baseline 0.004 -1"><span class='ocrx_word' id='word_1_121' title='bbox 77 2040 81 2053; x_wconf 54' lang='lat'>⁸</span> <span class='ocrx_word' id='word_1_122' title='bbox 164 2053 352 2115; x_wconf 73' lang='lat' dir='ltr'>leodimus.»</span> 
     </span>
    </p>
   </div>
   <div class='ocr_carea' id='block_1_4' title="bbox 4 4458 104 4677">
    <p class='ocr_par' dir='ltr' id='par_1_4' title="bbox 4 4458 104 4677">
     <span class='ocr_line' id='line_1_18' title="bbox 4 4458 104 4677; baseline 0 0"><span class='ocrx_word' id='word_1_123' title='bbox 4 4458 104 4677; x_wconf 64' lang='lat' dir='ltr'>*t</span> 
     </span>
    </p>
   </div>
   <div class='ocr_carea' id='block_1_5' title="bbox 163 2136 1236 2927">
    <p class='ocr_par' dir='ltr' id='par_1_5' title="bbox 788 2136 1131 2201">
     <span class='ocr_line' id='line_1_19' title="bbox 788 2136 1131 2201; baseline 0.006 -4"><span class='ocrx_word' id='word_1_124' title='bbox 788 2139 843 2197; x_wconf 85' lang='lat' dir='ltr'>Jo.</span> <span class='ocrx_word' id='word_1_125' title='bbox 862 2136 900 2195; x_wconf 84' lang='lat' dir='ltr'>h.</span> <span class='ocrx_word' id='word_1_126' title='bbox 915 2136 1131 2201; x_wconf 81' lang='lat' dir='ltr'>Veunsnus.</span> 
     </span>
    </p>

    <p class='ocr_par' dir='ltr' id='par_1_6' title="bbox 163 2239 1236 2927">
     <span class='ocr_line' id='line_1_20' title="bbox 196 2239 1236 2324; baseline 0.006 -21"><span class='ocrx_word' id='word_1_127' title='bbox 196 2242 312 2303; x_wconf 85' lang='lat' dir='ltr'>-Eadem</span> <span class='ocrx_word' id='word_1_128' title='bbox 325 2239 407 2304; x_wconf 85' lang='lat' dir='ltr'>rerba</span> <span class='ocrx_word' id='word_1_129' title='bbox 417 2239 579 2318; x_wconf 70' lang='lat' dir='ltr'>prescripta</span> <span class='ocrx_word' id='word_1_130' title='bbox 589 2252 670 2301; x_wconf 86' lang='lat' dir='ltr'>eraut</span> <span class='ocrx_word' id='word_1_131' title='bbox 680 2240 809 2324; x_wconf 85' lang='lat' dir='ltr'>exemplo</span> <span class='ocrx_word' id='word_1_132' title='bbox 817 2243 990 2316; x_wconf 86' lang='lat' dir='ltr'>Pinelliano,</span> <span class='ocrx_word' id='word_1_133' title='bbox 1002 2256 1075 2307; x_wconf 86' lang='lat' dir='ltr'>teste</span> <span class='ocrx_word' id='word_1_134' title='bbox 1081 2245 1236 2322; x_wconf 84' lang='lat' dir='ltr'>Morellio,</span> 
     </span>
     <span class='ocr_line' id='line_1_21' title="bbox 164 2340 1235 2425; baseline 0.005 -20"><span class='ocrx_word' id='word_1_135' title='bbox 164 2357 237 2407; x_wconf 87' lang='lat' dir='ltr'>tom.</span> <span class='ocrx_word' id='word_1_136' title='bbox 252 2345 306 2417; x_wconf 84' lang='lat'>11,</span> <span class='ocrx_word' id='word_1_137' title='bbox 321 2366 349 2421; x_wconf 87' lang='lat' dir='ltr'>p.</span> <span class='ocrx_word' id='word_1_138' title='bbox 361 2342 438 2417; x_wconf 74' lang='lat'>314,</span> <span class='ocrx_word' id='word_1_139' title='bbox 454 2365 484 2402; x_wconf 89' lang='lat' dir='ltr'>u.</span> <span class='ocrx_word' id='word_1_140' title='bbox 499 2340 589 2425; x_wconf 69' lang='grc'><strong>4498.</strong></span> <span class='ocrx_word' id='word_1_141' title='bbox 605 2344 649 2402; x_wconf 80' lang='lat' dir='ltr'>Ea</span> <span class='ocrx_word' id='word_1_142' title='bbox 666 2364 725 2423; x_wconf 86' lang='lat' dir='ltr'>quo</span> <span class='ocrx_word' id='word_1_143' title='bbox 740 2342 927 2425; x_wconf 72' lang='lat' dir='ltr'>intelligitur,</span> <span class='ocrx_word' id='word_1_144' title='bbox 950 2345 1006 2407; x_wconf 93' lang='lat' dir='ltr'>hoc</span> <span class='ocrx_word' id='word_1_145' title='bbox 1019 2345 1094 2408; x_wconf 89' lang='lat' dir='ltr'>idem</span> <span class='ocrx_word' id='word_1_146' title='bbox 1109 2368 1166 2409; x_wconf 75' lang='lat' dir='ltr'>tere</span> <span class='ocrx_word' id='word_1_147' title='bbox 1182 2369 1235 2411; x_wconf 90' lang='lat' dir='ltr'>suo</span> 
     </span>
     <span class='ocr_line' id='line_1_22' title="bbox 164 2442 1232 2527; baseline 0.003 -22"><span class='ocrx_word' id='word_1_148' title='bbox 164 2442 219 2505; x_wconf 86' lang='lat' dir='ltr'>sibi</span> <span class='ocrx_word' id='word_1_149' title='bbox 231 2464 405 2525; x_wconf 86' lang='lat' dir='ltr'>comparasse</span> <span class='ocrx_word' id='word_1_150' title='bbox 414 2442 598 2514; x_wconf 76' lang='lat' dir='ltr'>Samonium,</span> <span class='ocrx_word' id='word_1_151' title='bbox 608 2442 790 2505; x_wconf 84' lang='lat' dir='ltr'>indevenissc</span> <span class='ocrx_word' id='word_1_152' title='bbox 797 2443 832 2503; x_wconf 89' lang='lat' dir='ltr'>ad</span> <span class='ocrx_word' id='word_1_153' title='bbox 841 2444 969 2506; x_wconf 78' lang='lat' dir='ltr'>[lienium</span> <span class='ocrx_word' id='word_1_154' title='bbox 978 2488 987 2519; x_wconf 88' lang='lat'>‚</span> <span class='ocrx_word' id='word_1_155' title='bbox 996 2467 1089 2527; x_wconf 81' lang='lat' dir='ltr'>eoque</span> <span class='ocrx_word' id='word_1_156' title='bbox 1099 2458 1232 2523; x_wconf 76' lang='lat' dir='ltr'>mortuo,</span> 
     </span>
     <span class='ocr_line' id='line_1_23' title="bbox 164 2543 1231 2626; baseline 0.004 -21"><span class='ocrx_word' id='word_1_157' title='bbox 164 2546 195 2605; x_wconf 91' lang='lat' dir='ltr'>in</span> <span class='ocrx_word' id='word_1_158' title='bbox 207 2544 407 2606; x_wconf 90' lang='lat' dir='ltr'>bibliothecam</span> <span class='ocrx_word' id='word_1_159' title='bbox 417 2543 523 2626; x_wconf 73' lang='lat' dir='ltr'>regiam</span> <span class='ocrx_word' id='word_1_160' title='bbox 531 2544 747 2605; x_wconf 75' lang='lat' dir='ltr'>berolinensem</span> <span class='ocrx_word' id='word_1_161' title='bbox 762 2567 823 2607; x_wconf 89' lang='lat' dir='ltr'>esse</span> <span class='ocrx_word' id='word_1_162' title='bbox 832 2546 952 2606; x_wconf 85' lang='lat' dir='ltr'>illatum.</span> <span class='ocrx_word' id='word_1_163' title='bbox 962 2546 1107 2609; x_wconf 78' lang='lat' dir='ltr'>Caeterum</span> <span class='ocrx_word' id='word_1_164' title='bbox 1118 2548 1152 2607; x_wconf 89' lang='lat' dir='ltr'>P.</span> <span class='ocrx_word' id='word_1_165' title='bbox 1163 2548 1231 2609; x_wconf 77' lang='lat' dir='ltr'>lior·</span> 
     </span>
     <span class='ocr_line' id='line_1_24' title="bbox 163 2642 1229 2725; baseline 0.003 -19"><span class='ocrx_word' id='word_1_166' title='bbox 163 2666 283 2706; x_wconf 78' lang='lat' dir='ltr'>munus</span> <span class='ocrx_word' id='word_1_167' title='bbox 305 2646 369 2705; x_wconf 82' lang='lat' dir='ltr'>Sec.</span> <span class='ocrx_word' id='word_1_168' title='bbox 388 2644 528 2721; x_wconf 84' lang='lat' dir='ltr'>exemplar</span> <span class='ocrx_word' id='word_1_169' title='bbox 545 2642 664 2716; x_wconf 84' lang='lat' dir='ltr'>babuit,</span> <span class='ocrx_word' id='word_1_170' title='bbox 683 2646 762 2725; x_wconf 90' lang='lat' dir='ltr'>quod</span> <span class='ocrx_word' id='word_1_171' title='bbox 777 2646 818 2705; x_wconf 89' lang='lat' dir='ltr'>sic</span> <span class='ocrx_word' id='word_1_172' title='bbox 835 2645 1003 2707; x_wconf 87' lang='lat' dir='ltr'>describitur</span> <span class='ocrx_word' id='word_1_173' title='bbox 1018 2670 1033 2708; x_wconf 90' lang='lat' dir='ltr'>a</span> <span class='ocrx_word' id='word_1_174' title='bbox 1052 2646 1189 2711; x_wconf 71' lang='lat' dir='ltr'>&amp;olenio</span> <span class='ocrx_word' id='word_1_175' title='bbox 1205 2648 1229 2709; x_wconf 84' lang='lat' dir='ltr'>ir</span> 
     </span>
     <span class='ocr_line' id='line_1_25' title="bbox 164 2742 1227 2827; baseline 0.001 -19"><span class='ocrx_word' id='word_1_176' title='bbox 164 2745 297 2808; x_wconf 80' lang='lat' dir='ltr'>schedula</span> <span class='ocrx_word' id='word_1_177' title='bbox 309 2744 414 2822; x_wconf 75' lang='lat' dir='ltr'>privata</span> <span class='ocrx_word' id='word_1_178' title='bbox 427 2767 434 2802; x_wconf 95' lang='lat'><strong>:</strong></span> <span class='ocrx_word' id='word_1_179' title='bbox 449 2744 479 2803; x_wconf 90' lang='lat' dir='ltr'>in</span> <span class='ocrx_word' id='word_1_180' title='bbox 489 2742 616 2805; x_wconf 87' lang='lat' dir='ltr'>editione</span> <span class='ocrx_word' id='word_1_181' title='bbox 626 2765 692 2803; x_wconf 90' lang='lat' dir='ltr'>aon.</span> <span class='ocrx_word' id='word_1_182' title='bbox 710 2742 781 2818; x_wconf 68' lang='lat'>1481</span> <span class='ocrx_word' id='word_1_183' title='bbox 795 2787 805 2819; x_wconf 85' lang='lat'>,</span> <span class='ocrx_word' id='word_1_184' title='bbox 818 2748 890 2827; x_wconf 74' lang='lat' dir='ltr'>Reg.</span> <span class='ocrx_word' id='word_1_185' title='bbox 902 2746 1005 2824; x_wconf 84' lang='lat' dir='ltr'>Lepidi</span> <span class='ocrx_word' id='word_1_186' title='bbox 1015 2768 1103 2809; x_wconf 80' lang='lat' dir='ltr'>annm</span> <span class='ocrx_word' id='word_1_187' title='bbox 1115 2746 1227 2826; x_wconf 78' lang='lat' dir='ltr'>impres·</span> 
     </span>
     <span class='ocr_line' id='line_1_26' title="bbox 164 2841 784 2927; baseline -0.01 -21"><span class='ocrx_word' id='word_1_188' title='bbox 164 2845 254 2906; x_wconf 89' lang='lat' dir='ltr'>sionis</span> <span class='ocrx_word' id='word_1_189' title='bbox 270 2842 417 2927; x_wconf 88' lang='lat' dir='ltr'>subjectus</span> <span class='ocrx_word' id='word_1_190' title='bbox 433 2856 477 2905; x_wconf 83' lang='lat' dir='ltr'>est</span> <span class='ocrx_word' id='word_1_191' title='bbox 488 2841 643 2919; x_wconf 87' lang='lat' dir='ltr'>Propertio</span> <span class='ocrx_word' id='word_1_192' title='bbox 655 2841 685 2901; x_wconf 92' lang='lat' dir='ltr'>in</span> <span class='ocrx_word' id='word_1_193' title='bbox 699 2841 784 2903; x_wconf 87' lang='lat' dir='ltr'>calce.</span> 
     </span>
    </p>
   </div>
   <div class='ocr_carea' id='block_1_6' title="bbox 304 3014 1096 3108">
    <p class='ocr_par' dir='ltr' id='par_1_7' title="bbox 304 3014 1096 3108">
     <span class='ocr_line' id='line_1_27' title="bbox 304 3014 1096 3108; baseline 0.008 -21"><span class='ocrx_word' id='word_1_194' title='bbox 304 3019 398 3089; x_wconf 73' lang='lat' dir='ltr'>t&#39;ltl.</span> <span class='ocrx_word' id='word_1_195' title='bbox 414 3014 525 3087; x_wconf 79' lang='lat' dir='ltr'>Editio</span> <span class='ocrx_word' id='word_1_196' title='bbox 543 3014 723 3099; x_wconf 63' lang='lat' dir='ltr'>Vicenlino⁹</span> <span class='ocrx_word' id='word_1_197' title='bbox 743 3044 798 3088; x_wconf 89' lang='lat' dir='ltr'>on.</span> <span class='ocrx_word' id='word_1_198' title='bbox 822 3016 930 3108; x_wconf 66' lang='lat'>1481,</span> <span class='ocrx_word' id='word_1_199' title='bbox 951 3014 1096 3092; x_wconf 83' lang='lat' dir='ltr'>in-folio.</span> 
     </span>
    </p>
   </div>
   <div class='ocr_carea' id='block_1_7' title="bbox 152 3165 1214 4043">
    <p class='ocr_par' dir='ltr' id='par_1_8' title="bbox 165 3165 1053 3341">
     <span class='ocr_line' id='line_1_28' title="bbox 207 3165 1053 3249; baseline 0 -20"><span class='ocrx_word' id='word_1_200' title='bbox 207 3167 360 3229; x_wconf 65' lang='lat' dir='ltr'>Chullu.</span> <span class='ocrx_word' id='word_1_201' title='bbox 375 3165 493 3225; x_wconf 87' lang='lat' dir='ltr'>Tibulli.</span> <span class='ocrx_word' id='word_1_202' title='bbox 511 3167 648 3249; x_wconf 72' lang='lat' dir='ltr'>Propertii</span> <span class='ocrx_word' id='word_1_203' title='bbox 665 3168 794 3226; x_wconf 80' lang='lat' dir='ltr'>connino</span> <span class='ocrx_word' id='word_1_204' title='bbox 810 3177 838 3226; x_wconf 88' lang='lat' dir='ltr'>et</span> <span class='ocrx_word' id='word_1_205' title='bbox 851 3169 938 3227; x_wconf 77' lang='lat' dir='ltr'>Statii</span> <span class='ocrx_word' id='word_1_206' title='bbox 950 3169 1053 3246; x_wconf 74' lang='lat' dir='ltr'>Sylva.</span> 
     </span>
     <span class='ocr_line' id='line_1_29' title="bbox 165 3262 717 3341; baseline -0.011 -15"><span class='ocrx_word' id='word_1_207' title='bbox 165 3264 275 3327; x_wconf 85' lang='lat' dir='ltr'>Tibulli</span> <span class='ocrx_word' id='word_1_208' title='bbox 291 3262 440 3340; x_wconf 84' lang='lat' dir='ltr'>inscriptio</span> <span class='ocrx_word' id='word_1_209' title='bbox 457 3264 494 3323; x_wconf 81' lang='lat' dir='ltr'>ita</span> <span class='ocrx_word' id='word_1_210' title='bbox 509 3286 637 3341; x_wconf 83' lang='lat' dir='ltr'>expressa</span> <span class='ocrx_word' id='word_1_211' title='bbox 653 3277 717 3324; x_wconf 87' lang='lat' dir='ltr'>est:</span> 
     </span>
    </p>

    <p class='ocr_par' dir='ltr' id='par_1_9' title="bbox 152 3372 1214 4043">
     <span class='ocr_line' id='line_1_30' title="bbox 206 3372 915 3452; baseline -0.006 -20"><span class='ocrx_word' id='word_1_212' title='bbox 206 3373 298 3432; x_wconf 75' lang='lat' dir='ltr'>Aaou</span> <span class='ocrx_word' id='word_1_213' title='bbox 313 3373 449 3431; x_wconf 72' lang='lat' dir='ltr'>Teanum</span> <span class='ocrx_word' id='word_1_214' title='bbox 467 3378 499 3429; x_wconf 71' lang='lat'>4</span> <span class='ocrx_word' id='word_1_215' title='bbox 517 3393 563 3452; x_wconf 82' lang='lat' dir='ltr'>eq.</span> <span class='ocrx_word' id='word_1_216' title='bbox 579 3374 627 3432; x_wconf 77' lang='lat' dir='ltr'>lto</span> <span class='ocrx_word' id='word_1_217' title='bbox 643 3386 672 3427; x_wconf 67' lang='lat' dir='ltr'>-i-</span> <span class='ocrx_word' id='word_1_218' title='bbox 689 3372 795 3431; x_wconf 85' lang='lat' dir='ltr'>Poetae</span> <span class='ocrx_word' id='word_1_219' title='bbox 809 3378 846 3441; x_wconf 77' lang='lat' dir='ltr'>-l-</span> <span class='ocrx_word' id='word_1_220' title='bbox 860 3373 915 3432; x_wconf 83' lang='lat' dir='ltr'>Cn.</span> 
     </span>
     <span class='ocr_line' id='line_1_31' title="bbox 164 3469 1214 3553; baseline 0 -20"><span class='ocrx_word' id='word_1_221' title='bbox 164 3471 213 3533; x_wconf 74' lang='lat' dir='ltr'>Ad</span> <span class='ocrx_word' id='word_1_222' title='bbox 222 3469 325 3532; x_wconf 85' lang='lat' dir='ltr'>calcem</span> <span class='ocrx_word' id='word_1_223' title='bbox 337 3470 418 3531; x_wconf 78' lang='lat' dir='ltr'>Statii</span> <span class='ocrx_word' id='word_1_224' title='bbox 431 3495 437 3530; x_wconf 92' lang='lat'>:</span> <span class='ocrx_word' id='word_1_225' title='bbox 453 3472 485 3532; x_wconf 88' lang='lat' dir='ltr'>P.</span> <span class='ocrx_word' id='word_1_226' title='bbox 498 3472 615 3553; x_wconf 78' lang='lat' dir='ltr'>Papinii</span> <span class='ocrx_word' id='word_1_227' title='bbox 625 3473 711 3531; x_wconf 83' lang='lat' dir='ltr'>Slulii</span> <span class='ocrx_word' id='word_1_228' title='bbox 718 3474 865 3547; x_wconf 77' lang='lat' dir='ltr'>Sylvurum</span> <span class='ocrx_word' id='word_1_229' title='bbox 875 3471 960 3530; x_wconf 81' lang='lat' dir='ltr'>Liber</span> <span class='ocrx_word' id='word_1_230' title='bbox 967 3472 1088 3533; x_wconf 80' lang='lat' dir='ltr'>Vltimus</span> <span class='ocrx_word' id='word_1_231' title='bbox 1097 3474 1214 3553; x_wconf 79' lang='lat' dir='ltr'>Explici</span> 
     </span>
     <span class='ocr_line' id='line_1_32' title="bbox 164 3567 1212 3647; baseline -0.002 -16"><span class='ocrx_word' id='word_1_232' title='bbox 164 3569 368 3631; x_wconf 66' lang='lat' dir='ltr'>mccclx</span> <span class='ocrx_word' id='word_1_233' title='bbox 374 3571 455 3629; x_wconf 78' lang='lat' dir='ltr'>xxi.</span> <span class='ocrx_word' id='word_1_234' title='bbox 467 3570 570 3631; x_wconf 77' lang='lat' dir='ltr'>Actum</span> <span class='ocrx_word' id='word_1_235' title='bbox 580 3567 739 3629; x_wconf 71' lang='lat' dir='ltr'>Vincentius</span> <span class='ocrx_word' id='word_1_236' title='bbox 748 3590 799 3647; x_wconf 83' lang='lat' dir='ltr'>per</span> <span class='ocrx_word' id='word_1_237' title='bbox 808 3570 973 3646; x_wconf 74' lang='lat' dir='ltr'>magistrum</span> <span class='ocrx_word' id='word_1_238' title='bbox 983 3570 1176 3629; x_wconf 69' lang='lat' dir='ltr'>lmen-neem</span> <span class='ocrx_word' id='word_1_239' title='bbox 1193 3593 1212 3629; x_wconf 84' lang='lat' dir='ltr'>n</span> 
     </span>
     <span class='ocr_line' id='line_1_33' title="bbox 165 3666 1211 3749; baseline -0.002 -19"><span class='ocrx_word' id='word_1_240' title='bbox 165 3691 278 3730; x_wconf 79' lang='lat' dir='ltr'>oensem</span> <span class='ocrx_word' id='word_1_241' title='bbox 289 3669 488 3749; x_wconf 79' lang='lat' dir='ltr'>cillibnysium</span> <span class='ocrx_word' id='word_1_242' title='bbox 501 3668 697 3729; x_wconf 76' lang='lat' dir='ltr'>llerlhochum.</span> <span class='ocrx_word' id='word_1_243' title='bbox 704 3670 841 3747; x_wconf 69' lang='lat' dir='ltr'>Sequitur</span> <span class='ocrx_word' id='word_1_244' title='bbox 853 3666 941 3726; x_wconf 80' lang='lat' dir='ltr'>tribus</span> <span class='ocrx_word' id='word_1_245' title='bbox 956 3667 1033 3728; x_wconf 76' lang='lat' dir='ltr'>sotiis</span> <span class='ocrx_word' id='word_1_246' title='bbox 1047 3668 1211 3745; x_wconf 82' lang='lat' dir='ltr'>impressurr</span> 
     </span>
     <span class='ocr_line' id='line_1_34' title="bbox 169 3767 1209 3848; baseline 0.001 -20"><span class='ocrx_word' id='word_1_247' title='bbox 169 3767 291 3828; x_wconf 75' lang='lat' dir='ltr'>Comen</span> <span class='ocrx_word' id='word_1_248' title='bbox 303 3769 422 3829; x_wconf 78' lang='lat' dir='ltr'>loannis</span> <span class='ocrx_word' id='word_1_249' title='bbox 434 3767 599 3848; x_wconf 73' lang='lat' dir='ltr'>calphurnii</span> <span class='ocrx_word' id='word_1_250' title='bbox 608 3778 696 3845; x_wconf 70' lang='lat' dir='ltr'>pasche</span> <span class='ocrx_word' id='word_1_251' title='bbox 705 3768 865 3826; x_wconf 81' lang='lat' dir='ltr'>Clarissimi</span> <span class='ocrx_word' id='word_1_252' title='bbox 870 3768 1027 3827; x_wconf 75' lang='lat' dir='ltr'>uelloonne</span> <span class='ocrx_word' id='word_1_253' title='bbox 1042 3768 1209 3829; x_wconf 78' lang='lat' dir='ltr'>luderbuclu</span> 
     </span>
     <span class='ocr_line' id='line_1_35' title="bbox 164 3865 1207 3948; baseline 0 -19"><span class='ocrx_word' id='word_1_254' title='bbox 164 3867 307 3946; x_wconf 76' lang='lat' dir='ltr'>Pontifioe</span> <span class='ocrx_word' id='word_1_255' title='bbox 328 3870 476 3930; x_wconf 78' lang='lat' dir='ltr'>Tridetinti</span> <span class='ocrx_word' id='word_1_256' title='bbox 490 3871 524 3927; x_wconf 85' lang='lat' dir='ltr'>de</span> <span class='ocrx_word' id='word_1_257' title='bbox 537 3868 666 3927; x_wconf 79' lang='lat' dir='ltr'>laudidus</span> <span class='ocrx_word' id='word_1_258' title='bbox 676 3865 738 3948; x_wconf 76' lang='lat' dir='ltr'>ejus</span> <span class='ocrx_word' id='word_1_259' title='bbox 752 3877 779 3926; x_wconf 80' lang='lat' dir='ltr'>et</span> <span class='ocrx_word' id='word_1_260' title='bbox 790 3867 825 3925; x_wconf 81' lang='lat' dir='ltr'>tle</span> <span class='ocrx_word' id='word_1_261' title='bbox 835 3869 949 3927; x_wconf 80' lang='lat' dir='ltr'>interitu</span> <span class='ocrx_word' id='word_1_262' title='bbox 959 3870 1045 3930; x_wconf 82' lang='lat' dir='ltr'>Beati</span> <span class='ocrx_word' id='word_1_263' title='bbox 1053 3870 1207 3930; x_wconf 72' lang='lat' dir='ltr'>Simbruini</span> 
     </span>
     <span class='ocr_line' id='line_1_36' title="bbox 152 3964 543 4043; baseline -0.005 -16"><span class='ocrx_word' id='word_1_264' title='bbox 152 3964 251 4043; x_wconf 64' lang='lat' dir='ltr'>fonfis</span> <span class='ocrx_word' id='word_1_265' title='bbox 264 3989 284 4026; x_wconf 84' lang='lat' dir='ltr'><strong><em>a</em></strong></span> <span class='ocrx_word' id='word_1_266' title='bbox 298 3969 403 4029; x_wconf 85' lang='lat' dir='ltr'>Judeir</span> <span class='ocrx_word' id='word_1_267' title='bbox 417 3969 543 4028; x_wconf 77' lang='lat' dir='ltr'>memoli.</span> 
     </span>
    </p>
   </div>
   <div class='ocr_carea' id='block_1_8' title="bbox 203 4094 1202 4292">
    <p class='ocr_par' dir='ltr' id='par_1_10' title="bbox 203 4094 1202 4292">
     <span class='ocr_line' id='line_1_37' title="bbox 204 4094 444 4157; baseline -0.021 0"><span class='ocrx_word' id='word_1_268' title='bbox 204 4094 369 4157; x_wconf 82' lang='lat' dir='ltr'>Huschlius</span> <span class='ocrx_word' id='word_1_269' title='bbox 386 4096 444 4156; x_wconf 86' lang='lat' dir='ltr'>ait:</span> 
     </span>
     <span class='ocr_line' id='line_1_38' title="bbox 203 4208 1202 4292; baseline -0.005 -17"><span class='ocrx_word' id='word_1_270' title='bbox 203 4215 259 4275; x_wconf 82' lang='lat' dir='ltr'>Est</span> <span class='ocrx_word' id='word_1_271' title='bbox 270 4216 331 4277; x_wconf 72' lang='lat' dir='ltr'>baec</span> <span class='ocrx_word' id='word_1_272' title='bbox 342 4212 430 4277; x_wconf 84' lang='lat' dir='ltr'>editio</span> <span class='ocrx_word' id='word_1_273' title='bbox 442 4210 553 4287; x_wconf 87' lang='lat' dir='ltr'>critica,</span> <span class='ocrx_word' id='word_1_274' title='bbox 565 4235 580 4275; x_wconf 89' lang='lat' dir='ltr'>a</span> <span class='ocrx_word' id='word_1_275' title='bbox 591 4212 641 4272; x_wconf 85' lang='lat' dir='ltr'>Jo.</span> <span class='ocrx_word' id='word_1_276' title='bbox 653 4208 831 4292; x_wconf 87' lang='lat' dir='ltr'>Calphurnio</span> <span class='ocrx_word' id='word_1_277' title='bbox 843 4208 934 4274; x_wconf 88' lang='lat' dir='ltr'>nobili</span> <span class='ocrx_word' id='word_1_278' title='bbox 945 4222 1048 4275; x_wconf 88' lang='lat' dir='ltr'>conatu</span> <span class='ocrx_word' id='word_1_279' title='bbox 1058 4230 1111 4272; x_wconf 87' lang='lat' dir='ltr'>nec</span> <span class='ocrx_word' id='word_1_280' title='bbox 1121 4208 1202 4271; x_wconf 75' lang='lat' dir='ltr'>infeli</span> 
     </span>
    </p>
   </div>
   <div class='ocr_carea' id='block_1_9' title="bbox 0 0 1422 4996">
    <p class='ocr_par' dir='ltr' id='par_1_11' title="bbox 0 0 1422 4996">
     <span class='ocr_line' id='line_1_39' title="bbox 0 0 1422 4996; baseline 0 2"><span class='ocrx_word' id='word_1_281' title='bbox 0 0 1422 4996; x_wconf 95' lang='lat' dir='ltr'> </span> 
     </span>
    </p>
   </div>
  </div>
 </body>
</html>
