2834 4996
180 672 669 797 PRAEFATIO
722 672 1166 796 EDITORIS.

535 935 821 967 ψ-
842 950 845 955 ·

150 1240 343 1344 Sutttttls
354 1265 498 1360 agitatus
509 1291 609 1365 quam
620 1262 857 1352 infestissimis,
871 1264 913 1337 de
928 1261 1211 1364 typographorum

149 1379 183 1450 in
200 1407 252 1451 me
264 1375 393 1450 delictis
408 1377 568 1472 integram
580 1393 711 1450 noctem
725 1375 921 1472 cogitabam.
937 1372 992 1449 llli
1006 1375 1092 1449 enim
1107 1402 1213 1477 nuper

150 1494 286 1568 lineolas
304 1492 432 1594 aliquot
449 1492 530 1566 mihi
553 1493 598 1566 ita
615 1492 892 1581 deformaverant,
911 1511 949 1566 ut
970 1493 1038 1566 sere
1054 1500 1213 1586 jurassem

150 1640 201 1685 me
222 1612 257 1683 in
274 1627 444 1711 posterum
461 1638 480 1682 a
505 1607 592 1709 stylo
615 1638 654 1682 ac
679 1608 790 1682 charta
807 1636 923 1683 manus
945 1609 1062 1709 procul
1083 1609 1214 1684 habitu-

151 1757 233 1802 rum.
250 1724 342 1798 Nihil
358 1725 493 1798 omnino
507 1742 573 1812 est,
591 1724 682 1827 quod
694 1730 816 1820 tigrum
830 1726 1025 1827 scriptorem
1037 1728 1141 1824 magis
1158 1755 1214 1801 ex-

152 1841 296 1915 cruciare
318 1840 443 1940 possit,
470 1869 568 1941 quam
589 1840 720 1941 ineptia
736 1841 822 1929 istu,
846 1841 984 1942 quibus,
1011 1840 1090 1915 velit
1108 1840 1214 1930 nolit,

154 1977 308 2045 onustus,
330 1958 364 2031 in
378 1958 521 2031 medium
534 1956 668 2056 prodire
685 1956 828 2052 cogitur,
848 1956 984 2030 inscitie
995 1975 1094 2057 atque
1111 1956 1217 2031 insul-

154 2076 260 2149 sitatis
276 2072 540 2147 accusationibus
560 2071 632 2170 ipse
648 2066 830 2160 obnoxius,
850 2072 928 2146 dum
945 2071 993 2145 illi
1011 2073 1096 2146 curis
1114 2070 1217 2149 soluti

153 2193 217 2267 boc
236 2208 363 2265 tanturn
379 2189 414 2262 in
430 2188 539 2262 animo
554 2187 696 2277 babent,
713 2204 751 2260 ut
765 2194 830 2280 jam
845 2216 968 2263 novum
981 2207 1149 2265 auctorem
1164 2189 1217 2265 di-

155 2305 309 2380 lacerent.
335 2306 416 2377 Erat
436 2331 528 2389 sane,
548 2331 607 2375 cur
621 2318 741 2375 memet
756 2301 872 2375 auxius
893 2300 959 2375 buc
981 2301 1060 2375 illuc
1079 2300 1216 2377 inlecto

154 2417 353 2502 volutarem;
385 2415 584 2517 typographi
607 2415 693 2489 enim
717 2414 793 2489 loco
818 2416 991 2490 Cattomm
1016 2444 1101 2516 quos
1128 2416 1217 2491 inter

157 2535 273 2608 Persas
300 2551 416 2618 ortos,
442 2533 478 2604 in
506 2533 713 2606 Germaniam
735 2531 893 2629 migrasse
915 2532 1082 2620 dixeram,
1106 2531 1217 2609 Celtas

158 2670 289 2725 nostros
304 2652 348 2749 ad
367 2651 525 2724 orientem
542 2648 644 2723 sulem
661 2647 892 2746 relegaverant
911 2652 1036 2724 Atina
1056 2652 1135 2725 dnm
1153 2668 1217 2731 tre·

158 2766 416 2865 pidammentem
423 2764 602 2858 exagitant,
608 2765 719 2864 presul
726 2764 1015 2864 languentislumtitu
1022 2791 1089 2835 scra
1097 2763 1217 2861 putis¹z

160 2907 233 2950 ecoe
243 2877 398 2951 Tibullus
409 2879 481 2977 ipse
496 2894 541 2951 est
555 2880 639 2953 otius
650 2894 753 2952 nostru
760 2906 873 2979 ponere
883 2878 954 2950 sede
961 2875 1113 2978 pedetu²;
1128 2877 1219 2955 bunc
1282 2974 1288 2985 ·
1349 2960 1355 2985 Ι,
1394 2962 1398 2969 ,

159 3020 250 3093 ponc
264 2992 461 3092 sequebatur
474 2993 703 3067 venustissima
719 2993 850 3092 puella:
870 2993 944 3095 quis
956 3022 1027 3069 nun
1037 2995 1146 3095 primo
1159 2995 1219 3069 ad-

160 3125 275 3207 spectu
290 3106 417 3181 Deliam
429 3109 637 3205 agnovisset?
649 3107 740 3181 Talis
755 3108 840 3183 enim
855 3127 940 3199 erat,
955 3108 1061 3210 qualis
1076 3110 1220 3184 describi

161 3254 230 3297 non
247 3243 359 3325 potest
374 3254 382 3312 ;
406 3224 457 3298 vel
476 3224 581 3326 qualis
598 3224 676 3312 tibi,
695 3225 796 3298 amice
812 3224 931 3314 lector,
955 3226 1041 3299 inter
1056 3227 1219 3303 ferventes

160 3339 282 3411 amoris
293 3355 391 3411 aestus
402 3337 459 3411 illa
470 3338 656 3425 videbatur,
670 3339 721 3411 cui
732 3339 873 3438 primum
884 3339 1012 3426 dixisti,
1025 3354 1058 3411 tu
1069 3337 1146 3410 mebi
1153 3340 1221 3412 solu

156 3450 296 3551 pluces³.
308 3453 392 3526 Post
403 3460 534 3547 januam
544 3453 692 3526 Nemesis
704 3454 849 3540 adstare,
859 3461 1015 3555 juxtaque
1024 3455 1131 3553 imago
1139 3482 1221 3551 vaga

161 3567 979 3669 acincerta,modoGlyeerae‚m0doNeaeraenomen
987 3566 1222 3663 mentitallul·

163 3683 215 3756 lus
228 3683 295 3758 lere
304 3682 419 3756 aberat
428 3711 541 3757 eornm
551 3683 652 3784 quiin
663 3702 769 3783 poetae
777 3684 975 3761 carminibus
982 3702 1221 3777 memorantur,

164 3799 227 3873 nisi
234 3799 514 3886 lorteMarathus‚
523 3829 620 3900 quem
628 3801 742 3875 abesse
750 3802 946 3897 gaudebam,
958 3820 990 3875 ct
997 3800 1155 3893 Messala,
1164 3806 1223 3907 qui

198 4039 206 4067 ¹
225 4034 279 4086 tie.
292 4035 345 4102 Ill,
359 4035 400 4089 El.
413 4053 455 4102 tv,
467 4056 491 4088 v.
505 4053 544 4088 aa.

195 4145 208 4173 ²
223 4142 305 4203 Ibid,
318 4160 343 4194 v.
355 4143 394 4209 ²l·

218 4252 546 4321 fflwfflmmt
639 4238 644 4247 ’
