2834 4996
390 469 692 528 TESTIMONIA
714 470 776 529 E'T
796 470 1003 530 tvntcln.
1173 471 1233 532 rein

330 595 386 650 lllic
398 597 526 669 lnrgilluet
539 610 624 649 vatum
639 597 729 650 thorus
744 598 828 650 omnis
841 598 873 650 ad
886 599 967 651 undu·

360 688 433 740 Inter
444 686 577 739 odoratum
587 687 652 740 lutlit
666 700 783 758 amatque
795 706 892 741 nemus.

331 782 366 830 At
378 779 453 849 myrti
464 798 542 829 vienn
555 778 621 830 solus
633 779 712 850 gemit
725 798 789 830 nnus
801 778 829 830 in
842 778 930 832 umbra
1008 830 1014 847 ,

366 868 449 936 Quem
463 869 555 920 circuni
568 868 679 923 lacrimis
691 869 777 922 omnia
789 869 861 942 plena
873 869 983 923 madent.

332 958 409 1010 Hune
421 959 549 1027 quondam
563 959 662 1011 facilem
674 961 814 1031 pharetrato
827 980 926 1034 temper
938 960 1028 1015 Amori

362 1051 419 1120 Ipse
431 1051 520 1103 Venus
532 1071 631 1124 campos
644 1051 714 1104 duxit
727 1051 754 1103 in
767 1050 874 1124 Elysios.

332 1141 388 1192 Hoc
401 1141 462 1192 duce
474 1160 546 1212 carpe
559 1141 635 1194 vitm.
651 1142 702 1195 Serl
715 1143 782 1195 enirn
795 1155 823 1194 tn
838 1156 921 1195 mente
934 1142 1039 1216 pudici,

368 1228 444 1283 Cute
454 1248 533 1303 puer,
550 1231 623 1283 uestis
636 1232 747 1285 earmina
759 1233 827 1305 finge
840 1232 931 1286 modis.

335 1322 390 1394 Ipse
403 1321 526 1391 quidem,
540 1341 587 1375 nec
600 1341 660 1379 vert
673 1342 752 1395 nego,
768 1323 900 1377 Sulmonis
912 1325 1001 1396 aquosi

366 1413 408 1466 Ad
418 1414 503 1467 Mnus
516 1415 618 1488 propius
630 1428 752 1467 monstrnt
766 1416 891 1469 Alumnus
904 1416 951 1469 iter
964 1435 970 1468 :

335 1507 387 1559 sed
400 1491 497 1560 teritum
511 1520 609 1581 superat
620 1508 723 1561 facundi
736 1509 809 1561 Musa
823 1509 934 1573 Tibulli,

369 1598 500 1667 Quantum
513 1620 575 1652 vnce
587 1599 648 1652 alins
661 1599 767 1652 Daulias
781 1600 831 1653 ales
845 1621 911 1653 aven.

207 1744 361 1804 Nostrates
374 1743 535 1804 innumeras
547 1742 667 1805 Tibullo
679 1744 772 1806 laurus
784 1743 922 1822 impertiti
933 1757 1021 1820 sunt,
1034 1758 1066 1806 nt
1077 1746 1171 1810 nullus
1181 1746 1241 1808 sere

167 1863 251 1932 putta
264 1850 294 1912 in
309 1849 480 1911 carminibus
495 1850 646 1936 egregium
660 1850 757 1935 elegloe
768 1873 894 1914 romanie
906 1853 1062 1934 principem
1079 1854 1241 1915 illaudatum

167 1956 401 2035 pmtermiserit3
419 1957 530 2019 saterit
546 1957 685 2019 hocloco
704 1957 841 2040 judicium
854 1957 1083 2037 transcripsisse,
1107 1960 1186 2042 quod
1206 1960 1242 2021 de

168 2064 259 2127 Albio
268 2065 399 2126 Gallicus
411 2065 607 2143 pronuntiavit
626 2065 820 2139 Quintilianus
834 2065 877 2124 La
891 2066 1004 2148 Harpe,
1020 2064 1050 2129 in
1064 2088 1151 2149 opere
1163 2067 1241 2129 dieto

168 2170 275 2252 lqce'e,
293 2173 353 2234 rol.
373 2173 424 2246 ll,
442 2196 470 2249 p.
491 2194 558 2256 ²⁰9·
984 2243 989 2252 ι

212 2304 229 2334 e
246 2279 330 2340 C'est
345 2283 360 2337 ὲ
375 2279 491 2338 Tibulle
504 2276 574 2358 qu'il
591 2300 628 2337 en
642 2279 704 2339 iant
720 2279 847 2351 revenir;
870 2277 939 2340 c’est
951 2268 992 2339 tu'i
1006 2277 1075 2362 qu’il
1086 2280 1143 2340 [aut
1158 2279 1243 2342 relire

171 2412 186 2441 υ
202 2385 299 2469 quand
311 2406 351 2443 on
362 2383 451 2451 aime3
465 2380 534 2442 c'est
548 2403 585 2442 en
600 2382 627 2442 le
640 2383 725 2443 lisant
734 2382 825 2466 qu'on
840 2385 923 2445 sedit
936 2386 1091 2447 :Heureux
1106 2384 1243 2447 l'bomme

175 2520 189 2548 ο
204 2491 295 2554 d'nne
309 2491 493 2573 imagination
510 2490 610 2550 tendre
625 2502 655 2548 et
668 2490 801 2562 llexible‚
824 2493 872 2572 qui
889 2493 964 2574 joint
982 2515 1016 2553 nu
1032 2494 1103 2577 gotlt
1118 2493 1167 2555 des
1183 2517 1243 2556 rn-

174 2627 190 2656 »
208 2599 302 2683 lnptes
319 2597 450 2657 delicates
472 2596 497 2655 le
512 2597 601 2659 talent
618 2596 652 2658 de
670 2597 711 2657 les
730 2610 872 2671 tetrante,
888 2585 938 2680 qui
954 2618 1063 2674 occupe
1079 2619 1124 2658 see
1142 2598 1242 2660 benres

174 2736 188 2761 ι
205 2706 241 2767 de
257 2704 339 2767 ln'uir
354 2691 369 2762 l
383 2704 500 2786 peindre
514 2726 558 2765 ses
576 2725 703 2765 momens
718 2701 871 2777 linense,
891 2715 920 2763 et
934 2704 1050 2764 arriveb
1068 2703 1195 2784 lagloire
1207 2726 1242 2765 en

173 2841 189 2868 ι
208 2813 342 2874 chanunt
352 2832 396 2872 ses
407 2810 531 2888 plaisirs!
546 2809 626 2872 C'est
639 2832 713 2888 pour
726 2809 766 2870 lui
779 2831 835 2892 que
848 2810 875 2871 le
888 2809 985 2871 travail
996 2808 1030 2869 de
1042 2806 1176 2889 produire
1187 2807 1241 2868 de—

175 2944 195 2973 »
211 2917 290 2978 vient
309 2941 367 2978 nne
382 2916 515 2978 nouvelle
531 2917 700 3000 jouissance.¹
718 2917 800 2977 Pnur
815 2917 935 2997 parler&
953 2926 1038 2975 notre
1051 2933 1133 2986 ame,
1156 2914 1177 2972 il
1196 2912 1243 2975 n'a

175 3053 192 3078 n
210 3023 311 3087 bewin
326 3047 382 3106 que
400 3024 435 3085 de
452 3024 588 3101 repandre
605 3023 630 3083 la
646 3022 753 3085 sienne.
772 3022 798 3081 Il
814 3044 888 3082 nous
901 3020 1008 3082 associe
1019 3022 1035 3078 t
1045 3041 1099 3080 son
1111 3018 1242 3081 bonheur

176 3160 192 3185 ν
210 3154 246 3194 en
264 3152 337 3192 nous
359 3143 509 3192 racontant
527 3152 570 3192 ses
587 3129 718 3193 illusions
740 3143 769 3190 et
784 3151 828 3191 ses
845 3129 1009 3201 souvenirs3
1032 3140 1061 3189 et
1079 3150 1124 3188 ses
1143 3127 1241 3188 ebants

175 3263 191 3292 ι
210 3236 304 3315 pleins
317 3237 365 3298 des
381 3239 522 3298 douceurs
540 3238 574 3298 de
590 3261 619 3298 sa
632 3237 694 3310 vie,
713 3259 756 3298 ses
776 3238 874 3297 ebants
888 3237 939 3318 qui
953 3257 988 3296 ne
1004 3234 1169 3298 semblaient
1179 3234 1241 3296 faits

176 3370 192 3398 n
210 3365 268 3426 qne
283 3368 358 3422 pour
373 3340 495 3405 l’amnur
511 3345 560 3426 qui
574 3367 692 3427 repose‚
709 3367 748 3405 ou
761 3367 836 3422 pour
851 3339 971 3406 l'oreille
986 3344 1021 3407 de
1039 3342 1154 3407 l'amitie
1168 3365 1238 3406 cou-

175 3478 190 3505 »
209 3451 329 3528 fidente,
345 3465 413 3514 sont
426 3452 565 3514 entendus
583 3453 656 3514 dela
672 3453 799 3515 derniere
815 3453 962 3532 posterite.
976 3482 990 3506 n
