2834 4996
424 421 680 485 nummio
707 423 943 489 EDITORIS·
1193 452 1230 494 xv

610 597 785 655 untnon.

216 743 392 843 Suspicor,
405 742 529 842 optime
540 741 689 830 Tibulle,
702 743 758 815 hie
773 758 805 816 te
817 743 940 843 majore
948 745 984 818 in
997 745 1093 846 culpa
1106 748 1229 822 versari

169 886 267 960 quam
286 858 437 932 editores.
454 855 595 931 Ovidius
611 856 697 930 enim
716 854 781 931 boc
797 858 914 946 modo,
928 887 1000 958 quae
1017 860 1144 950 dixisti,
1157 860 1230 936 imiss

171 995 258 1050 tetrus
276 994 341 1064 est,
355 972 413 1048 sed
421 988 582 1075 postquam
599 972 700 1048 nullos
717 1002 892 1075 consurgere
899 1002 991 1077 posse
1001 1002 1062 1077 per
1075 994 1154 1053 ortes
1164 989 1226 1054 ¹....

634 1198 774 1256 DEbll.

221 1354 358 1425 Possem
376 1366 408 1422 et
424 1376 485 1445 ego
488 1403 585 1421 ......
602 1365 638 1420 at

332 1497 363 1551 si
374 1496 430 1568 quir
442 1509 467 1548 et
479 1496 624 1571 imprudens
637 1495 789 1569 adspexerit,
801 1495 899 1549 osculer
908 1495 968 1563 ille,

366 1585 464 1658 Perque
477 1586 546 1640 Deos
558 1606 645 1638 omnes
658 1605 684 1639 se
695 1585 839 1639 meminisse
851 1590 950 1659 neget&

171 1706 238 1781 Sed
256 1704 876 1807 Gebhardhumadhuccarperelibe13
895 1706 925 1782 is
941 1706 1042 1797 enim,
1059 1706 1136 1808 quia
1153 1706 1235 1783 ol‘un

173 1821 399 1897 lsidisinfano
408 1820 604 1922 proTibulli
613 1819 700 1895 selioi
709 1822 818 1897 reditu
828 1841 904 1898 vota
918 1821 1019 1913 solvi,
1031 1851 1084 1897 me
1093 1823 1233 1920 genibus

173 1936 286 2031 jussit,
302 1937 438 2039 perinde
450 1967 489 2011 ac
507 1935 635 2037 scopis,
653 1933 791 2011 humum
803 1964 931 2011 verrere
948 1968 955 2011 :
972 1939 1063 2039 quod
1078 1938 1236 2015 deambu-

174 2052 264 2126 landi
283 2082 387 2150 genus
399 2053 465 2128 sibi
476 2052 613 2129 habeut!

540 2283 543 2289 ,
622 2242 791 2299 uoltott.

222 2381 363 2456 Difficile
374 2400 438 2471 est,
450 2379 650 2469 mehercule,
659 2410 779 2457 novam
787 2381 1139 2484 editionem·proierre;
1149 2413 1233 2487 pre·

175 2501 286 2575 sertim
295 2516 376 2600 post
390 2516 441 2573 tot
456 2499 661 2573 eruditorum
676 2499 822 2573 virorum
835 2496 1090 2576 lucubrationes.
1107 2503 1235 2579 Eorum

175 2615 286 2688 nullus
296 2633 355 2703 est,
366 2614 422 2716 qui
429 2643 497 2688 non
505 2643 556 2688 me
562 2613 741 2715 plurimum
750 2614 900 2689 doctriua
907 2615 1107 2719 ingenioque
1116 2618 1233 2692 vineat.

174 2728 266 2823 Quid
279 2729 465 2829 proficiam,
478 2728 506 2803 si
522 2728 679 2818 Statium,
696 2728 725 2802 si
735 2728 1015 2817 Brouclthusium,
1032 2730 1060 2803 si
1074 2731 1238 2830 lleynium

176 2872 259 2916 vana
272 2844 365 2919 elusit
377 2845 499 2945 opera?
515 2844 629 2940 Quid?
643 2844 669 2919 si
685 2871 792 2947 neque
808 2846 852 2917 fl.
871 2847 970 2918 Voss.
993 2872 1101 2944 neque
1117 2845 1236 2918 Wun-

175 2958 313 3033 derlich.
331 2979 448 3035 metam
465 2961 623 3058 attigere?
649 2963 770 3034 Nonne
796 2959 907 3034 eadem
932 2987 1074 3061 persona
1101 2960 1237 3057 iungar,

175 3104 265 3176 qua,
296 3079 384 3177 apud
408 3077 569 3153 illustrem
593 3076 777 3151 fabularum
803 3075 1007 3151 conditorem
1037 3075 1237 3151 Gallicarum

176 3217 285 3263 musca
301 3190 358 3264 illa
376 3190 604 3280 celeberrima,
627 3220 715 3292 quae,
733 3190 854 3287 aurigae
868 3220 949 3264 naso
965 3191 1126 3281 insidens,
1148 3189 1237 3266 nunc

175 3303 218 3376 ad
242 3332 402 3405 equorum
420 3302 524 3395 colle,
551 3334 640 3378 nunc
660 3333 774 3379 rursus
794 3304 837 3377 ad
856 3303 990 3378 rhedam
1011 3304 1135 3378 volitat.
1159 3306 1237 3379 Non

175 3418 204 3491 is
227 3447 325 3506 sum,
353 3419 410 3520 qui
434 3417 574 3494 aliorum
599 3418 884 3494 lucubrationibus
907 3438 1099 3519 provectus,
1125 3421 1237 3494 subito

176 3532 370 3621 exclamem,
396 3535 519 3609 montis
541 3563 694 3609 cacumen
719 3564 807 3610 nune
831 3536 963 3610 demum
983 3554 1016 3609 et
1037 3565 1107 3610 mea
1132 3537 1238 3638 ipsius

175 3674 278 3747 opera
290 3664 480 3748 superatum
494 3676 580 3736 esse;
594 3648 726 3750 incepto
741 3648 841 3747 igitur
851 3648 958 3723 labori
971 3650 1146 3725 renuntio:
1161 3650 1238 3750 Ipse

174 3763 252 3837 molt
264 3765 294 3837 si
300 3763 508 3866 proescn'bot'
527 3768 634 3840 varias
652 3766 809 3844 lectiones
825 3766 989 3843 Tibullus.

209 3996 217 4025 ¹
236 3994 294 4044 Am.
308 3991 364 4044 Lib.
376 3992 431 4058 Ill,
445 3990 485 4044 El.
497 4007 552 4057 vn,
566 4011 592 4042 v.
605 3993 643 4060 75.

199 4112 219 4144 ⁴
233 4110 319 4163 Tibul.
331 4110 386 4162 Lib.
400 4111 427 4176 1,
440 4111 480 4163 El.
491 4126 531 4180 ιι,
547 4132 572 4163 v.
583 4111 629 4177 37,
643 4109 683 4162 38.

208 4221 219 4256 ⁵
236 4222 323 4275 Germ.
338 4221 366 4274 in
379 4220 478 4273 Messel.
493 4243 517 4272 v.
533 4240 585 4291 ¹79
