2834 4996
110 457 1174 503 m

288 655 514 788 VITA
570 651 1004 784 TIBULLI¹

129 938 184 998 EX
229 934 409 998 conten
450 934 520 993 MS.
567 927 940 992 BlBL10THECAE'
977 926 1144 990 REGIAE

156 1154 309 1194 melum
322 1151 341 1191 Α
354 1152 377 1190 P.
390 1148 548 1192 BURMITRO
562 1145 689 1190 SECUNDO
703 1145 762 1186 CUM
774 1142 920 1186 LECTIOMS
934 1141 1124 1185 DMRSITATR.

530 1315 768 1338 ια-Φυ-

114 1558 286 1664 Annus
309 1584 538 1672 Tumulus,
556 1581 669 1684 Eques
687 1579 900 1669 Romanus³,
917 1581 1057 1678 insignis
1070 1581 1177 1656 lomna

115 1710 269 1810 cultuque
288 1707 438 1808 corporis
456 1704 689 1793 observabilis,
708 1723 785 1779 ante
799 1703 884 1778 alios
902 1703 1060 1779 Gorsium
1076 1702 1178 1803 (Cor-

115 1832 231 1930 vinum)
246 1830 424 1906 Messalam
438 1828 622 1904 oratorem⁴
635 1826 767 1916 dilexit,
781 1835 873 1923 cujus
887 1846 919 1901 et
930 1827 1177 1903 contubernalis

114 1955 313 2058 Aquitanico
325 1953 438 2028 bello⁵
452 1952 650 2028 militaribus
664 1954 761 2025 donis
778 1953 920 2026 donatus
938 1938 1004 2038 ests
1024 1951 1078 2025 hic
1095 1951 1179 2036 mul·

115 2098 223 2153 torum
235 2079 373 2175 judicio,
386 2080 524 2151 maxime
531 2075 748 2173 Quintiliani,
758 2075 820 2148 viri
829 2076 864 2147 in
874 2074 983 2149 studia
993 2071 1177 2150 litterarum

114 2204 277 2277 acerrima
289 2202 468 2289 licentiae⁶‚
492 2201 577 2274 inter
592 2199 855 2300 Elegiograpbos
868 2224 1031 2273 summum
1049 2199 1178 2273 obtinet

113 2324 231 2400 locum.
256 2324 417 2425 Epistolae
434 2352 569 2426 quoquc
591 2324 660 2422 ejus
683 2323 867 2412 amatoria,
887 2350 1085 2424 quamquam
1106 2323 1179 2396 bre·

147 2621 156 2651 ¹
175 2617 215 2670 De
227 2621 279 2671 vita
292 2619 371 2672 fusius
380 2638 483 2691 agemus
497 2617 528 2671 ad
536 2615 674 2672 voluminis
686 2617 795 2687 calcem,
809 2618 922 2674 absoluto
934 2623 1122 2674 commentario.

146 2729 159 2759 ²
173 2728 270 2781 Laudat
286 2729 447 2782 Burmannus
465 2731 533 2782 hunc
548 2730 667 2784 Codicem
680 2731 825 2804 simpliciter
835 2731 867 2782 ad
879 2731 983 2783 Anthol.
998 2734 1049 2783 Lat.
1063 2734 1136 2785 Tom.
1149 2736 1176 2797 1,

117 2835 141 2890 p.
151 2820 205 2884 lib.
222 2822 277 2872 Nec
288 2823 426 2874 accuratius
439 2842 496 2874 eum
508 2814 649 2894 designavit
660 2824 688 2875 in
702 2821 820 2874 schedula
833 2821 923 2873 inserta
935 2821 1050 2873 Editioni
1063 2823 1175 2876 Broulsh.

120 2909 161 2976 (iu
171 2909 235 2962 Bibl.
249 2911 311 2983 Reg.
324 2912 495 2978 Berolincnsi)
507 2914 548 2966 cui
561 2912 686 2986 inscripsit
695 2913 781 2965 Vitam
793 2931 866 2984 supra
877 2912 1014 2981 repetitam.

151 3016 164 3050 ³
180 3017 259 3071 codd.
273 3020 363 3074 Paris.
378 3035 402 3073 et
412 3022 484 3089 lips.
496 3042 571 3094 eques
581 3027 685 3092 regalis.

149 3131 161 3167 ⁴
178 3131 258 3183 Iidem
271 3130 329 3182 libri
341 3151 398 3183 cum
414 3131 453 3182 ed.
468 3132 560 3183 Vener.
574 3153 614 3183 an.
635 3134 711 3199 ¹47²·
729 3127 823 3195 babpnt
837 3132 959 3199 oriffinem
974 3151 1019 3205 pro
1034 3146 1179 3200 oratorem,

117 3221 160 3275 cui
172 3222 230 3273 roci
242 3220 402 3272 Burroanuus
417 3217 541 3272 substituit
552 3221 749 3289 Imperatorem.
763 3220 863 3272 Tacitus
876 3221 970 3276 Annal.
984 3222 1060 3292 XIII,
1075 3226 1115 3291 34.
1129 3230 1183 3281 Ne-

118 3331 180 3363 rone
190 3314 294 3362 tertium
309 3310 418 3362 Consule
428 3315 509 3362 simul
519 3314 577 3363 iniit
592 3311 761 3363 Consulatum
768 3312 885 3364 Valerius
893 3312 1016 3381 Messala,
1027 3325 1098 3380 cujus
1108 3338 1184 3386 proa-

119 3421 198 3464 uistn,
216 3414 339 3452 oratorem
355 3400 511 3467 Corvinum,
530 3403 565 3454 D.
579 3403 711 3472 Augusto,
735 3404 818 3455 abaco
836 3406 961 3471 Neronis,
980 3410 1104 3475 collegam
1116 3415 1144 3462 in
1155 3431 1183 3464 eo

119 3490 385 3561 magistratusuisse,
396 3495 476 3562 pauci
484 3491 535 3563 jam
546 3512 635 3545 senum
647 3497 824 3546 meminerant.
843 3494 972 3546 Nonnulli
981 3509 1110 3549 auctorem
1124 3520 1184 3573 per-

121 3601 217 3655 peram.
230 3581 299 3635 Jam
310 3601 402 3635 senum
413 3594 497 3634 autem
511 3584 641 3655 conjunxit
652 3585 768 3647 Tacitus,
789 3598 818 3635 ut
824 3590 1014 3653 jam.juoenem
1026 3589 1141 3644 Tibullus
1154 3592 1184 3660 Ι,

120 3687 163 3736 iv,
177 3672 217 3725 33.

154 3778 262 3830 ‘Iidem
275 3776 333 3831 libri
349 3782 501 3849 equitanico.
517 3779 582 3832 Edd.
601 3779 701 3833 Veneta
720 3783 849 3853 1487-93‚
867 3784 1056 3839 contubernalis
1071 3788 1186 3860 lapidio:

126 3869 270 3940 pannonico
285 3889 291 3921 z
305 3883 330 3920 et
342 3870 461 3940 aquitano
474 3871 547 3921 bello.

154 3973 167 4010 ⁶
184 3976 282 4028 Verba:
296 3984 450 4030 maximam.
464 3980 584 4044 licentia,
598 3978 689 4031 absunt
700 3996 714 4030 a
727 3979 790 4033 Cod.
805 3980 871 4055 Lips.
889 3983 933 4053 qui
945 3982 1035 4048 habet,
1047 3989 1188 4039 multarum

119 4068 219 4131 judicio
232 4073 299 4122 inter
309 4073 391 4139 elegos
402 4073 520 4138 princeps
531 4079 571 4123 est
582 4069 695 4124 liabitas.
718 4072 783 4126 Voci
800 4077 908 4127 licentiae
920 4075 1083 4128 Burmannus
1096 4077 1192 4129 substi-

124 4158 172 4209 tuit
184 4161 322 4229 diligentioe
338 4180 395 4214 cum
409 4162 575 4230 Ayrmaano,
595 4163 637 4216 cui
649 4163 793 4234 obloquitur
805 4165 936 4239 Heynius,
955 4169 1082 4241 corrigens
1096 4168 1194 4238 Elegw

128 4247 252 4316 W&
363 4260 366 4265 .

1016 4368 1044 4442 l
