<?xml version="1.0" encoding="UTF-8"?>
<!DOCTYPE html PUBLIC "-//W3C//DTD XHTML 1.0 Transitional//EN"
    "http://www.w3.org/TR/xhtml1/DTD/xhtml1-transitional.dtd">
<html xmlns="http://www.w3.org/1999/xhtml" xml:lang="en" lang="en">
 <head>
  <title>
</title>
<meta http-equiv="Content-Type" content="text/html;charset=utf-8" />
  <meta name='ocr-system' content='tesseract 3.04.00' />
  <meta name='ocr-capabilities' content='ocr_page ocr_carea ocr_par ocr_line ocrx_word'/>
</head>
<body>
  <div class='ocr_page' id='page_1' title='image "albiitibulliqua00golbgoog_0041.png"; bbox 0 0 2834 4996; ppageno 0'>
   <div class='ocr_carea' id='block_1_1' title="bbox 270 429 1162 493">
    <p class='ocr_par' dir='ltr' id='par_1_1' title="bbox 270 429 1162 493">
     <span class='ocr_line' id='line_1_1' title="bbox 270 429 1162 493; baseline 0.001 -2"><span class='ocrx_word' id='word_1_1' title='bbox 270 429 539 492; x_wconf 79' lang='lat' dir='ltr'>contentus</span> <span class='ocrx_word' id='word_1_2' title='bbox 562 430 622 493; x_wconf 88' lang='lat' dir='ltr'>ET</span> <span class='ocrx_word' id='word_1_3' title='bbox 643 430 977 493; x_wconf 82' lang='lat' dir='ltr'>EDITIONIBUS.</span> <span class='ocrx_word' id='word_1_4' title='bbox 1081 429 1162 492; x_wconf 86' lang='lat' dir='ltr'>xxxix</span> 
     </span>
    </p>
   </div>
   <div class='ocr_carea' id='block_1_2' title="bbox 92 559 1171 2845">
    <p class='ocr_par' dir='ltr' id='par_1_2' title="bbox 92 559 1167 1738">
     <span class='ocr_line' id='line_1_2' title="bbox 92 559 1159 638; baseline 0.002 -16"><span class='ocrx_word' id='word_1_5' title='bbox 92 573 192 622; x_wconf 84' lang='lat' dir='ltr'>ncterc</span> <span class='ocrx_word' id='word_1_6' title='bbox 207 559 366 621; x_wconf 85' lang='lat' dir='ltr'>litterarum</span> <span class='ocrx_word' id='word_1_7' title='bbox 376 560 481 622; x_wconf 91' lang='lat' dir='ltr'>minori</span> <span class='ocrx_word' id='word_1_8' title='bbox 492 583 552 623; x_wconf 92' lang='lat' dir='ltr'>non</span> <span class='ocrx_word' id='word_1_9' title='bbox 562 562 714 623; x_wconf 81' lang='lat' dir='ltr'>admodum</span> <span class='ocrx_word' id='word_1_10' title='bbox 726 562 839 623; x_wconf 80' lang='lat' dir='ltr'>diverso</span> <span class='ocrx_word' id='word_1_11' title='bbox 848 563 883 623; x_wconf 89' lang='lat' dir='ltr'>ab</span> <span class='ocrx_word' id='word_1_12' title='bbox 895 561 982 623; x_wconf 85' lang='lat' dir='ltr'>hodie</span> <span class='ocrx_word' id='word_1_13' title='bbox 993 575 1136 624; x_wconf 90' lang='lat' dir='ltr'>consueto</span> <span class='ocrx_word' id='word_1_14' title='bbox 1148 604 1159 638; x_wconf 85' lang='lat'><strong><em>,</em></strong></span> 
     </span>
     <span class='ocr_line' id='line_1_3' title="bbox 93 660 1163 744; baseline -0.001 -21"><span class='ocrx_word' id='word_1_15' title='bbox 93 661 150 723; x_wconf 87' lang='lat' dir='ltr'>satis</span> <span class='ocrx_word' id='word_1_16' title='bbox 163 672 296 721; x_wconf 85' lang='lat' dir='ltr'>accurate</span> <span class='ocrx_word' id='word_1_17' title='bbox 318 673 349 722; x_wconf 88' lang='lat' dir='ltr'>et</span> <span class='ocrx_word' id='word_1_18' title='bbox 366 660 509 744; x_wconf 72' lang='lat' dir='ltr'>eleganter</span> <span class='ocrx_word' id='word_1_19' title='bbox 524 673 657 722; x_wconf 84' lang='lat' dir='ltr'>exaratrrs.</span> <span class='ocrx_word' id='word_1_20' title='bbox 683 660 809 722; x_wconf 91' lang='lat' dir='ltr'>lnitiales</span> <span class='ocrx_word' id='word_1_21' title='bbox 825 681 958 722; x_wconf 76' lang='lat' dir='ltr'>vmsunm</span> <span class='ocrx_word' id='word_1_22' title='bbox 972 660 1076 724; x_wconf 78' lang='lat' dir='ltr'>litteroe</span> <span class='ocrx_word' id='word_1_23' title='bbox 1096 675 1163 723; x_wconf 89' lang='lat' dir='ltr'>sunt</span> 
     </span>
     <span class='ocr_line' id='line_1_4' title="bbox 94 758 1161 843; baseline 0 -20"><span class='ocrx_word' id='word_1_24' title='bbox 94 762 227 843; x_wconf 56' lang='lat' dir='ltr'>micres,</span> <span class='ocrx_word' id='word_1_25' title='bbox 247 758 341 820; x_wconf 88' lang='lat' dir='ltr'>rubris</span> <span class='ocrx_word' id='word_1_26' title='bbox 359 759 536 822; x_wconf 81' lang='lat' dir='ltr'><strong>lineamentis</strong></span> <span class='ocrx_word' id='word_1_27' title='bbox 551 761 712 834; x_wconf 72' lang='lat' dir='ltr'>distinctae,</span> <span class='ocrx_word' id='word_1_28' title='bbox 729 782 745 820; x_wconf 92' lang='lat' dir='ltr'>a</span> <span class='ocrx_word' id='word_1_29' title='bbox 761 759 859 821; x_wconf 87' lang='lat' dir='ltr'>ceteris</span> <span class='ocrx_word' id='word_1_30' title='bbox 881 760 995 841; x_wconf 87' lang='lat' dir='ltr'>paulum</span> <span class='ocrx_word' id='word_1_31' title='bbox 1018 774 1161 839; x_wconf 68' lang='lat' dir='ltr'>separatae.</span> 
     </span>
     <span class='ocr_line' id='line_1_5' title="bbox 95 860 1165 948; baseline 0.004 -28"><span class='ocrx_word' id='word_1_32' title='bbox 95 861 262 925; x_wconf 82' lang='lat' dir='ltr'>Pentametri</span> <span class='ocrx_word' id='word_1_33' title='bbox 277 860 380 943; x_wconf 72' lang='lat' dir='ltr'>aequali</span> <span class='ocrx_word' id='word_1_34' title='bbox 395 883 460 921; x_wconf 88' lang='lat' dir='ltr'>oum</span> <span class='ocrx_word' id='word_1_35' title='bbox 474 860 642 923; x_wconf 71' lang='lat' dir='ltr'>hexametris</span> <span class='ocrx_word' id='word_1_36' title='bbox 658 862 750 942; x_wconf 89' lang='lat' dir='ltr'>spatio</span> <span class='ocrx_word' id='word_1_37' title='bbox 766 884 783 924; x_wconf 92' lang='lat' dir='ltr'>a</span> <span class='ocrx_word' id='word_1_38' title='bbox 799 862 925 948; x_wconf 78' lang='lat' dir='ltr'>margine</span> <span class='ocrx_word' id='word_1_39' title='bbox 944 861 1060 924; x_wconf 60' lang='lat' dir='ltr'>disant</span> <span class='ocrx_word' id='word_1_40' title='bbox 1073 863 1165 924; x_wconf 85' lang='lat' dir='ltr'>Pauca</span> 
     </span>
     <span class='ocr_line' id='line_1_6' title="bbox 96 960 1164 1046; baseline -0.004 -22"><span class='ocrx_word' id='word_1_41' title='bbox 96 984 190 1024; x_wconf 75' lang='lat' dir='ltr'>vocum</span> <span class='ocrx_word' id='word_1_42' title='bbox 204 960 292 1022; x_wconf 83' lang='lat' dir='ltr'>babet</span> <span class='ocrx_word' id='word_1_43' title='bbox 307 960 484 1038; x_wconf 88' lang='lat' dir='ltr'>compendia.</span> <span class='ocrx_word' id='word_1_44' title='bbox 497 961 619 1046; x_wconf 84' lang='lat' dir='ltr'>Signum</span> <span class='ocrx_word' id='word_1_45' title='bbox 633 984 652 1021; x_wconf 87' lang='lat' dir='ltr'>u</span> <span class='ocrx_word' id='word_1_46' title='bbox 665 974 695 1021; x_wconf 93' lang='lat' dir='ltr'>et</span> <span class='ocrx_word' id='word_1_47' title='bbox 705 961 798 1023; x_wconf 83' lang='lat' dir='ltr'>vocali</span> <span class='ocrx_word' id='word_1_48' title='bbox 810 975 839 1024; x_wconf 92' lang='lat' dir='ltr'>et</span> <span class='ocrx_word' id='word_1_49' title='bbox 850 960 1024 1023; x_wconf 74' lang='lat' dir='ltr'>consonanti</span> <span class='ocrx_word' id='word_1_50' title='bbox 1035 961 1164 1024; x_wconf 84' lang='lat' dir='ltr'>inseruit.</span> 
     </span>
     <span class='ocr_line' id='line_1_7' title="bbox 100 1058 1163 1142; baseline 0.003 -22"><span class='ocrx_word' id='word_1_51' title='bbox 100 1060 182 1142; x_wconf 81' lang='lat' dir='ltr'>Quea</span> <span class='ocrx_word' id='word_1_52' title='bbox 200 1082 254 1121; x_wconf 91' lang='lat' dir='ltr'>sno</span> <span class='ocrx_word' id='word_1_53' title='bbox 275 1058 365 1122; x_wconf 80' lang='lat' dir='ltr'>verbo</span> <span class='ocrx_word' id='word_1_54' title='bbox 384 1072 550 1137; x_wconf 86' lang='lat' dir='ltr'>separatum.</span> <span class='ocrx_word' id='word_1_55' title='bbox 572 1060 728 1137; x_wconf 87' lang='lat' dir='ltr'>Perpaucas</span> <span class='ocrx_word' id='word_1_56' title='bbox 751 1081 810 1119; x_wconf 86' lang='lat' dir='ltr'>rar.</span> <span class='ocrx_word' id='word_1_57' title='bbox 833 1061 899 1121; x_wconf 85' lang='lat' dir='ltr'>leet.</span> <span class='ocrx_word' id='word_1_58' title='bbox 916 1073 946 1121; x_wconf 90' lang='lat' dir='ltr'>et</span> <span class='ocrx_word' id='word_1_59' title='bbox 968 1061 1163 1123; x_wconf 77' lang='lat' dir='ltr'>correctiones</span> 
     </span>
     <span class='ocr_line' id='line_1_8' title="bbox 98 1158 1164 1243; baseline 0.001 -22"><span class='ocrx_word' id='word_1_60' title='bbox 98 1162 204 1234; x_wconf 80' lang='lat' dir='ltr'>eadem,</span> <span class='ocrx_word' id='word_1_61' title='bbox 221 1183 278 1242; x_wconf 86' lang='lat' dir='ltr'>qua</span> <span class='ocrx_word' id='word_1_62' title='bbox 293 1171 461 1233; x_wconf 65' lang='lat' dir='ltr'>contum,</span> <span class='ocrx_word' id='word_1_63' title='bbox 478 1181 564 1223; x_wconf 85' lang='lat' dir='ltr'>manu</span> <span class='ocrx_word' id='word_1_64' title='bbox 580 1161 611 1220; x_wconf 93' lang='lat' dir='ltr'>in</span> <span class='ocrx_word' id='word_1_65' title='bbox 624 1158 751 1243; x_wconf 82' lang='lat' dir='ltr'>margine</span> <span class='ocrx_word' id='word_1_66' title='bbox 765 1159 883 1237; x_wconf 84' lang='lat' dir='ltr'>scriptas</span> <span class='ocrx_word' id='word_1_67' title='bbox 893 1160 1034 1222; x_wconf 87' lang='lat' dir='ltr'>continet.</span> <span class='ocrx_word' id='word_1_68' title='bbox 1045 1160 1164 1223; x_wconf 87' lang='lat' dir='ltr'>Tibullo</span> 
     </span>
     <span class='ocr_line' id='line_1_9' title="bbox 99 1257 1163 1343; baseline 0 -21"><span class='ocrx_word' id='word_1_69' title='bbox 99 1262 250 1343; x_wconf 82' lang='lat' dir='ltr'>subjectum</span> <span class='ocrx_word' id='word_1_70' title='bbox 273 1259 357 1320; x_wconf 86' lang='lat' dir='ltr'>habet</span> <span class='ocrx_word' id='word_1_71' title='bbox 379 1259 477 1322; x_wconf 86' lang='lat' dir='ltr'>Ovidii</span> <span class='ocrx_word' id='word_1_72' title='bbox 502 1258 569 1332; x_wconf 84' lang='lat' dir='ltr'>Ibin</span> <span class='ocrx_word' id='word_1_73' title='bbox 588 1282 653 1321; x_wconf 88' lang='lat' dir='ltr'>cum</span> <span class='ocrx_word' id='word_1_74' title='bbox 670 1260 796 1322; x_wconf 75' lang='lat' dir='ltr'>scholiis.</span> <span class='ocrx_word' id='word_1_75' title='bbox 821 1261 916 1320; x_wconf 89' lang='lat' dir='ltr'>Totus</span> <span class='ocrx_word' id='word_1_76' title='bbox 936 1257 1008 1321; x_wconf 79' lang='lat' dir='ltr'>tiber</span> <span class='ocrx_word' id='word_1_77' title='bbox 1031 1260 1069 1343; x_wconf 77' lang='lat'>67</span> <span class='ocrx_word' id='word_1_78' title='bbox 1086 1259 1163 1322; x_wconf 83' lang='lat' dir='ltr'>loliis</span> 
     </span>
     <span class='ocr_line' id='line_1_10' title="bbox 100 1358 1166 1443; baseline -0.002 -21"><span class='ocrx_word' id='word_1_79' title='bbox 100 1373 214 1427; x_wconf 80' lang='lat' dir='ltr'>constat.</span> <span class='ocrx_word' id='word_1_80' title='bbox 227 1360 406 1443; x_wconf 79' lang='lat' dir='ltr'>Apographo</span> <span class='ocrx_word' id='word_1_81' title='bbox 422 1362 482 1443; x_wconf 89' lang='lat' dir='ltr'>ejus</span> <span class='ocrx_word' id='word_1_82' title='bbox 495 1360 551 1423; x_wconf 82' lang='lat' dir='ltr'>lesi</span> <span class='ocrx_word' id='word_1_83' title='bbox 564 1373 612 1435; x_wconf 82' lang='lat' dir='ltr'>et,</span> <span class='ocrx_word' id='word_1_84' title='bbox 625 1373 658 1421; x_wconf 92' lang='lat' dir='ltr'>ut</span> <span class='ocrx_word' id='word_1_85' title='bbox 673 1360 804 1435; x_wconf 82' lang='lat' dir='ltr'>videtur,</span> <span class='ocrx_word' id='word_1_86' title='bbox 820 1358 1002 1421; x_wconf 86' lang='lat' dir='ltr'>tumultuaria</span> <span class='ocrx_word' id='word_1_87' title='bbox 1016 1383 1080 1423; x_wconf 87' lang='lat' dir='ltr'>cura</span> <span class='ocrx_word' id='word_1_88' title='bbox 1090 1360 1166 1422; x_wconf 83' lang='lat' dir='ltr'>lacto</span> 
     </span>
     <span class='ocr_line' id='line_1_11' title="bbox 101 1458 1166 1541; baseline 0 -21"><span class='ocrx_word' id='word_1_89' title='bbox 101 1463 123 1520; x_wconf 92' lang='grc'>1.</span> <span class='ocrx_word' id='word_1_90' title='bbox 135 1464 171 1524; x_wconf 82' lang='lat' dir='ltr'>ll.</span> <span class='ocrx_word' id='word_1_91' title='bbox 178 1461 317 1525; x_wconf 71' lang='lat' dir='ltr'>vossium</span> <span class='ocrx_word' id='word_1_92' title='bbox 330 1483 413 1522; x_wconf 90' lang='lat' dir='ltr'>usum</span> <span class='ocrx_word' id='word_1_93' title='bbox 425 1480 506 1533; x_wconf 86' lang='lat' dir='ltr'>esse,</span> <span class='ocrx_word' id='word_1_94' title='bbox 523 1472 621 1522; x_wconf 92' lang='lat' dir='ltr'>nostra</span> <span class='ocrx_word' id='word_1_95' title='bbox 633 1459 749 1522; x_wconf 89' lang='lat' dir='ltr'>collatio</span> <span class='ocrx_word' id='word_1_96' title='bbox 759 1458 934 1541; x_wconf 82' lang='lat' dir='ltr'>diligenter&#39;</span> <span class='ocrx_word' id='word_1_97' title='bbox 925 1458 1055 1523; x_wconf 77' lang='lat' dir='ltr'>russiana</span> <span class='ocrx_word' id='word_1_98' title='bbox 1070 1460 1166 1521; x_wconf 91' lang='lat' dir='ltr'>docet.</span> 
     </span>
     <span class='ocr_line' id='line_1_12' title="bbox 100 1556 1167 1682; baseline -0.004 -59"><span class='ocrx_word' id='word_1_99' title='bbox 100 1560 197 1677; x_wconf 70' lang='lat' dir='ltr'>Sigmh</span> <span class='ocrx_word' id='word_1_100' title='bbox 212 1561 321 1623; x_wconf 82' lang='lat' dir='ltr'>auhn.</span> <span class='ocrx_word' id='word_1_101' title='bbox 335 1559 665 1682; x_wconf 82' lang='lat' dir='ltr'>1.(Videtnrhieidem</span> <span class='ocrx_word' id='word_1_102' title='bbox 679 1580 740 1621; x_wconf 90' lang='lat' dir='ltr'>esse</span> <span class='ocrx_word' id='word_1_103' title='bbox 752 1580 802 1641; x_wconf 83' lang='lat' dir='ltr'>qus</span> <span class='ocrx_word' id='word_1_104' title='bbox 793 1559 887 1637; x_wconf 89' lang='lat' dir='ltr'>&#39;apud</span> <span class='ocrx_word' id='word_1_105' title='bbox 896 1556 1031 1621; x_wconf 78' lang='lat' dir='ltr'>Vossiam</span> <span class='ocrx_word' id='word_1_106' title='bbox 1043 1557 1167 1620; x_wconf 79' lang='lat' dir='ltr'>Ashewii</span> 
     </span>
     <span class='ocr_line' id='line_1_13' title="bbox 100 1662 421 1738; baseline 0 -15"><span class='ocrx_word' id='word_1_107' title='bbox 100 1662 211 1724; x_wconf 85' lang='lat' dir='ltr'>nomine</span> <span class='ocrx_word' id='word_1_108' title='bbox 222 1662 421 1749; x_wconf 76' lang='lat' dir='ltr'>inscribitur)</span> 
     </span>
    </p>

    <p class='ocr_par' dir='ltr' id='par_1_3' title="bbox 99 1756 1169 2446">
     <span class='ocr_line' id='line_1_14' title="bbox 136 1756 1169 1842; baseline -0.004 -18"><span class='ocrx_word' id='word_1_109' title='bbox 136 1765 177 1824; x_wconf 93' lang='lat' dir='ltr'>ll</span> <span class='ocrx_word' id='word_1_110' title='bbox 200 1763 300 1824; x_wconf 88' lang='lat' dir='ltr'>Codex</span> <span class='ocrx_word' id='word_1_111' title='bbox 322 1762 501 1832; x_wconf 85' lang='lat' dir='ltr'>chartaceus,</span> <span class='ocrx_word' id='word_1_112' title='bbox 519 1759 644 1842; x_wconf 83' lang='lat' dir='ltr'>ejusdem</span> <span class='ocrx_word' id='word_1_113' title='bbox 659 1781 723 1820; x_wconf 87' lang='lat' dir='ltr'>curn</span> <span class='ocrx_word' id='word_1_114' title='bbox 738 1758 879 1836; x_wconf 78' lang='lat' dir='ltr'>superiora</span> <span class='ocrx_word' id='word_1_115' title='bbox 870 1756 1015 1833; x_wconf 78' lang='lat' dir='ltr'>&#39;‚lormae</span> <span class='ocrx_word' id='word_1_116' title='bbox 1031 1772 1126 1822; x_wconf 86' lang='lat' dir='ltr'>curate</span> <span class='ocrx_word' id='word_1_117' title='bbox 1138 1773 1169 1821; x_wconf 90' lang='lat' dir='ltr'>et</span> 
     </span>
     <span class='ocr_line' id='line_1_15' title="bbox 99 1859 1167 1946; baseline -0.003 -23"><span class='ocrx_word' id='word_1_118' title='bbox 99 1864 241 1946; x_wconf 76' lang='lat' dir='ltr'>eleganter</span> <span class='ocrx_word' id='word_1_119' title='bbox 252 1863 392 1940; x_wconf 84' lang='lat' dir='ltr'>scriptus,</span> <span class='ocrx_word' id='word_1_120' title='bbox 410 1862 568 1923; x_wconf 89' lang='lat' dir='ltr'>litterarum</span> <span class='ocrx_word' id='word_1_121' title='bbox 586 1863 744 1923; x_wconf 76' lang='lat' dir='ltr'>charactere</span> <span class='ocrx_word' id='word_1_122' title='bbox 760 1862 844 1938; x_wconf 92' lang='lat' dir='ltr'>paulo</span> <span class='ocrx_word' id='word_1_123' title='bbox 860 1859 976 1923; x_wconf 90' lang='lat' dir='ltr'>minori.</span> <span class='ocrx_word' id='word_1_124' title='bbox 992 1861 1167 1922; x_wconf 81' lang='lat' dir='ltr'>Pentametri</span> 
     </span>
     <span class='ocr_line' id='line_1_16' title="bbox 100 1960 1168 2048; baseline -0.002 -25"><span class='ocrx_word' id='word_1_125' title='bbox 100 1964 213 2048; x_wconf 85' lang='lat' dir='ltr'>longios</span> <span class='ocrx_word' id='word_1_126' title='bbox 227 1963 330 2024; x_wconf 76' lang='lat' dir='ltr'>distem</span> <span class='ocrx_word' id='word_1_127' title='bbox 343 1984 359 2022; x_wconf 92' lang='lat' dir='ltr'>a</span> <span class='ocrx_word' id='word_1_128' title='bbox 371 1962 498 2045; x_wconf 78' lang='lat' dir='ltr'>margine</span> <span class='ocrx_word' id='word_1_129' title='bbox 509 1983 592 2044; x_wconf 84' lang='lat' dir='ltr'>quam</span> <span class='ocrx_word' id='word_1_130' title='bbox 603 1961 771 2036; x_wconf 70' lang='lat' dir='ltr'>hexametri,</span> <span class='ocrx_word' id='word_1_131' title='bbox 789 1980 911 2042; x_wconf 88' lang='lat' dir='ltr'>quorum</span> <span class='ocrx_word' id='word_1_132' title='bbox 923 1960 1048 2022; x_wconf 85' lang='lat' dir='ltr'>initiales</span> <span class='ocrx_word' id='word_1_133' title='bbox 1054 1961 1168 2041; x_wconf 90' lang='lat' dir='ltr'>paulum</span> 
     </span>
     <span class='ocr_line' id='line_1_17' title="bbox 101 2060 1169 2144; baseline -0.006 -19"><span class='ocrx_word' id='word_1_134' title='bbox 101 2074 229 2141; x_wconf 80' lang='lat' dir='ltr'>separatae</span> <span class='ocrx_word' id='word_1_135' title='bbox 251 2063 426 2125; x_wconf 81' lang='lat' dir='ltr'>ornamentis</span> <span class='ocrx_word' id='word_1_136' title='bbox 449 2073 546 2123; x_wconf 81' lang='lat' dir='ltr'>carent</span> <span class='ocrx_word' id='word_1_137' title='bbox 564 2073 594 2122; x_wconf 88' lang='lat' dir='ltr'>et</span> <span class='ocrx_word' id='word_1_138' title='bbox 616 2060 744 2144; x_wconf 84' lang='lat' dir='ltr'>picturis.</span> <span class='ocrx_word' id='word_1_139' title='bbox 765 2060 977 2144; x_wconf 83' lang='lat' dir='ltr'>Dipbthongos</span> <span class='ocrx_word' id='word_1_140' title='bbox 994 2082 1055 2122; x_wconf 91' lang='lat' dir='ltr'>non</span> <span class='ocrx_word' id='word_1_141' title='bbox 1074 2061 1169 2124; x_wconf 87' lang='lat' dir='ltr'>hahet.</span> 
     </span>
     <span class='ocr_line' id='line_1_18' title="bbox 104 2161 1168 2246; baseline -0.002 -22"><span class='ocrx_word' id='word_1_142' title='bbox 104 2164 162 2246; x_wconf 77' lang='lat' dir='ltr'>Qut</span> <span class='ocrx_word' id='word_1_143' title='bbox 173 2162 280 2225; x_wconf 81' lang='lat' dir='ltr'>aretina</span> <span class='ocrx_word' id='word_1_144' title='bbox 295 2183 445 2225; x_wconf 81' lang='lat' dir='ltr'>annexum·</span> <span class='ocrx_word' id='word_1_145' title='bbox 465 2162 492 2221; x_wconf 83' lang='lat' dir='ltr'><strong><em>U</em></strong></span> <span class='ocrx_word' id='word_1_146' title='bbox 507 2161 632 2223; x_wconf 83' lang='lat' dir='ltr'>vocalem</span> <span class='ocrx_word' id='word_1_147' title='bbox 651 2184 733 2243; x_wconf 76' lang='lat' dir='ltr'>mque</span> <span class='ocrx_word' id='word_1_148' title='bbox 752 2182 785 2223; x_wconf 91' lang='lat' dir='ltr'>ac</span> <span class='ocrx_word' id='word_1_149' title='bbox 807 2173 1014 2223; x_wconf 90' lang='lat' dir='ltr'>consonantem</span> <span class='ocrx_word' id='word_1_150' title='bbox 1031 2161 1168 2244; x_wconf 88' lang='lat' dir='ltr'>designat.</span> 
     </span>
     <span class='ocr_line' id='line_1_19' title="bbox 101 2259 1169 2349; baseline -0.002 -23"><span class='ocrx_word' id='word_1_151' title='bbox 101 2262 301 2326; x_wconf 72' lang='lat' dir='ltr'>correctiones</span> <span class='ocrx_word' id='word_1_152' title='bbox 315 2263 462 2349; x_wconf 84' lang='lat' dir='ltr'>margins</span> <span class='ocrx_word' id='word_1_153' title='bbox 426 2261 485 2325; x_wconf 87' lang='lat' dir='ltr'>ab</span> <span class='ocrx_word' id='word_1_154' title='bbox 500 2261 598 2324; x_wconf 85' lang='lat' dir='ltr'>eadem</span> <span class='ocrx_word' id='word_1_155' title='bbox 608 2283 693 2324; x_wconf 90' lang='lat' dir='ltr'>manu</span> <span class='ocrx_word' id='word_1_156' title='bbox 710 2261 868 2340; x_wconf 77' lang='lat' dir='ltr'>adscriptae</span> <span class='ocrx_word' id='word_1_157' title='bbox 883 2261 976 2325; x_wconf 85' lang='lat' dir='ltr'>Folia·</span> <span class='ocrx_word' id='word_1_158' title='bbox 971 2259 1016 2334; x_wconf 67' lang='lat' dir='ltr'>dr</span> <span class='ocrx_word' id='word_1_159' title='bbox 1033 2262 1169 2339; x_wconf 84' lang='lat' dir='ltr'>complet</span> 
     </span>
     <span class='ocr_line' id='line_1_20' title="bbox 102 2364 306 2446; baseline 0.005 -22"><span class='ocrx_word' id='word_1_160' title='bbox 102 2386 128 2424; x_wconf 89' lang='lat' dir='ltr'>n</span> <span class='ocrx_word' id='word_1_161' title='bbox 145 2388 182 2438; x_wconf 67' lang='grc' dir='ltr'>ι,</span> <span class='ocrx_word' id='word_1_162' title='bbox 198 2364 306 2446; x_wconf 82' lang='lat' dir='ltr'>insign</span> 
     </span>
    </p>

    <p class='ocr_par' dir='ltr' id='par_1_4' title="bbox 100 2398 1171 2845">
     <span class='ocr_line' id='line_1_21' title="bbox 139 2398 1166 2540; baseline -0.002 -16"><span class='ocrx_word' id='word_1_163' title='bbox 139 2466 198 2524; x_wconf 86' lang='lat'>111.</span> <span class='ocrx_word' id='word_1_164' title='bbox 211 2462 501 2536; x_wconf 62' lang='lat' dir='ltr'>Comitanassus,</span> <span class='ocrx_word' id='word_1_165' title='bbox 510 2462 596 2524; x_wconf 86' lang='lat' dir='ltr'>aCar.</span> <span class='ocrx_word' id='word_1_166' title='bbox 602 2463 677 2523; x_wconf 88' lang='lat' dir='ltr'>Dato</span> <span class='ocrx_word' id='word_1_167' title='bbox 685 2461 942 2538; x_wconf 77' lang='lat' dir='ltr'>pervenitadl’etr</span> <span class='ocrx_word' id='word_1_168' title='bbox 949 2398 1166 2540; x_wconf 52' lang='lat' dir='ltr'>lundensium,</span> 
     </span>
     <span class='ocr_line' id='line_1_22' title="bbox 102 2560 1167 2646; baseline -0.002 -21"><span class='ocrx_word' id='word_1_169' title='bbox 102 2565 200 2627; x_wconf 88' lang='lat' dir='ltr'>deinde</span> <span class='ocrx_word' id='word_1_170' title='bbox 213 2563 249 2624; x_wconf 92' lang='lat' dir='ltr'>ad</span> <span class='ocrx_word' id='word_1_171' title='bbox 259 2566 346 2625; x_wconf 79' lang='lat' dir='ltr'>haur</span> <span class='ocrx_word' id='word_1_172' title='bbox 361 2564 528 2626; x_wconf 85' lang='lat' dir='ltr'>Santenium</span> <span class='ocrx_word' id='word_1_173' title='bbox 542 2560 627 2646; x_wconf 73' lang='lat'>1760.</span> <span class='ocrx_word' id='word_1_174' title='bbox 643 2563 766 2643; x_wconf 83' lang='lat' dir='ltr'>Ecujus</span> <span class='ocrx_word' id='word_1_175' title='bbox 782 2560 956 2625; x_wconf 83' lang='lat' dir='ltr'>bibliotheca</span> <span class='ocrx_word' id='word_1_176' title='bbox 969 2584 1104 2627; x_wconf 88' lang='lat' dir='ltr'>unacum</span> <span class='ocrx_word' id='word_1_177' title='bbox 1119 2584 1167 2623; x_wconf 89' lang='lat' dir='ltr'>ce·</span> 
     </span>
     <span class='ocr_line' id='line_1_23' title="bbox 100 2658 1169 2737; baseline -0.005 -10"><span class='ocrx_word' id='word_1_178' title='bbox 100 2664 167 2727; x_wconf 82' lang='lat' dir='ltr'>teris</span> <span class='ocrx_word' id='word_1_179' title='bbox 183 2664 346 2727; x_wconf 71' lang='lat' dir='ltr'>tenesmis</span> <span class='ocrx_word' id='word_1_180' title='bbox 362 2664 397 2725; x_wconf 85' lang='lat' dir='ltr'>de</span> <span class='ocrx_word' id='word_1_181' title='bbox 409 2664 503 2725; x_wconf 64' lang='grc' dir='ltr'><em>Πίσα.</em></span> <span class='ocrx_word' id='word_1_182' title='bbox 528 2658 613 2723; x_wconf 85' lang='lat'>1800.</span> <span class='ocrx_word' id='word_1_183' title='bbox 631 2664 734 2723; x_wconf 86' lang='lat' dir='ltr'>Forma</span> <span class='ocrx_word' id='word_1_184' title='bbox 750 2676 829 2737; x_wconf 74' lang='lat' dir='ltr'>oct,</span> <span class='ocrx_word' id='word_1_185' title='bbox 847 2663 995 2724; x_wconf 86' lang='lat' dir='ltr'>minutiori</span> <span class='ocrx_word' id='word_1_186' title='bbox 1013 2663 1169 2724; x_wconf 87' lang='lat' dir='ltr'>litterarum</span> 
     </span>
     <span class='ocr_line' id='line_1_24' title="bbox 100 2761 1171 2845; baseline -0.005 -21"><span class='ocrx_word' id='word_1_187' title='bbox 100 2764 259 2825; x_wconf 71' lang='lat' dir='ltr'>clamere</span> <span class='ocrx_word' id='word_1_188' title='bbox 271 2762 404 2845; x_wconf 82' lang='lat' dir='ltr'>scriptus·</span> <span class='ocrx_word' id='word_1_189' title='bbox 419 2761 545 2824; x_wconf 87' lang='lat' dir='ltr'>Initiales</span> <span class='ocrx_word' id='word_1_190' title='bbox 558 2775 690 2839; x_wconf 76' lang='lat' dir='ltr'>separatae</span> <span class='ocrx_word' id='word_1_191' title='bbox 706 2774 816 2824; x_wconf 82' lang='lat' dir='ltr'>exstant</span> <span class='ocrx_word' id='word_1_192' title='bbox 832 2763 893 2824; x_wconf 88' lang='lat' dir='ltr'>siue</span> <span class='ocrx_word' id='word_1_193' title='bbox 907 2762 1044 2840; x_wconf 79' lang='lat' dir='ltr'>picturis,</span> <span class='ocrx_word' id='word_1_194' title='bbox 1057 2771 1171 2836; x_wconf 86' lang='lat' dir='ltr'>excepta</span> 
     </span>
    </p>
   </div>
   <div class='ocr_carea' id='block_1_3' title="bbox 100 2858 1277 2944">
    <p class='ocr_par' dir='ltr' id='par_1_5' title="bbox 100 2858 1277 2944">
     <span class='ocr_line' id='line_1_25' title="bbox 100 2858 1277 2944; baseline -0.007 -23"><span class='ocrx_word' id='word_1_195' title='bbox 100 2863 193 2944; x_wconf 84' lang='lat' dir='ltr'>prima</span> <span class='ocrx_word' id='word_1_196' title='bbox 205 2863 333 2925; x_wconf 74' lang='lat' dir='ltr'>omnim</span> <span class='ocrx_word' id='word_1_197' title='bbox 348 2862 463 2936; x_wconf 83' lang='lat' dir='ltr'>littera,</span> <span class='ocrx_word' id='word_1_198' title='bbox 479 2863 520 2924; x_wconf 88' lang='lat' dir='ltr'>D.</span> <span class='ocrx_word' id='word_1_199' title='bbox 532 2863 603 2925; x_wconf 88' lang='lat' dir='ltr'>Non</span> <span class='ocrx_word' id='word_1_200' title='bbox 618 2874 695 2924; x_wconf 87' lang='lat' dir='ltr'>earet</span> <span class='ocrx_word' id='word_1_201' title='bbox 710 2861 842 2933; x_wconf 81' lang='lat' dir='ltr'>mendis,</span> <span class='ocrx_word' id='word_1_202' title='bbox 859 2882 981 2941; x_wconf 87' lang='lat' dir='ltr'>quornm</span> <span class='ocrx_word' id='word_1_203' title='bbox 995 2858 1100 2931; x_wconf 83' lang='lat' dir='ltr'>multa,</span> <span class='ocrx_word' id='word_1_204' title='bbox 1113 2858 1170 2918; x_wconf 82' lang='lat' dir='ltr'>nisi</span> <span class='ocrx_word' id='word_1_205' title='bbox 1273 2905 1277 2913; x_wconf 88' lang='lat'>.</span> 
     </span>
    </p>
   </div>
   <div class='ocr_carea' id='block_1_4' title="bbox 101 2949 1254 4244">
    <p class='ocr_par' dir='ltr' id='par_1_6' title="bbox 101 2949 1254 3943">
     <span class='ocr_line' id='line_1_26' title="bbox 101 2949 1169 3047; baseline 0 -28"><span class='ocrx_word' id='word_1_206' title='bbox 101 2960 247 3034; x_wconf 81' lang='lat' dir='ltr'>inscitiae,</span> <span class='ocrx_word' id='word_1_207' title='bbox 269 2974 342 3027; x_wconf 74' lang='lat' dir='ltr'>carte</span> <span class='ocrx_word' id='word_1_208' title='bbox 364 2961 545 3047; x_wconf 82' lang='lat' dir='ltr'>negligentiae</span> <span class='ocrx_word' id='word_1_209' title='bbox 566 2962 720 3022; x_wconf 87' lang='lat' dir='ltr'>certissima</span> <span class='ocrx_word' id='word_1_210' title='bbox 742 2961 874 3023; x_wconf 84' lang='lat' dir='ltr'>videntur</span> <span class='ocrx_word' id='word_1_211' title='bbox 899 2949 1169 3019; x_wconf 63' lang='lat' dir='ltr'>{attentantibus</span> 
     </span>
     <span class='ocr_line' id='line_1_27' title="bbox 102 3055 1170 3144; baseline -0.004 -22"><span class='ocrx_word' id='word_1_212' title='bbox 102 3083 186 3143; x_wconf 81' lang='lat' dir='ltr'>quam</span> <span class='ocrx_word' id='word_1_213' title='bbox 198 3061 258 3122; x_wconf 91' lang='lat' dir='ltr'>dno</span> <span class='ocrx_word' id='word_1_214' title='bbox 269 3062 377 3144; x_wconf 83' lang='lat' dir='ltr'>priores</span> <span class='ocrx_word' id='word_1_215' title='bbox 388 3063 477 3123; x_wconf 87' lang='lat' dir='ltr'>utitur</span> <span class='ocrx_word' id='word_1_216' title='bbox 490 3061 674 3138; x_wconf 88' lang='lat' dir='ltr'>compendiis.</span> <span class='ocrx_word' id='word_1_217' title='bbox 685 3062 802 3137; x_wconf 88' lang='lat' dir='ltr'>Semper</span> <span class='ocrx_word' id='word_1_218' title='bbox 810 3057 845 3134; x_wconf 86' lang='lat' dir='ltr'>s,</span> <span class='ocrx_word' id='word_1_219' title='bbox 865 3080 926 3120; x_wconf 89' lang='lat' dir='ltr'>nou</span> <span class='ocrx_word' id='word_1_220' title='bbox 935 3080 950 3118; x_wconf 87' lang='lat' dir='ltr'>s</span> <span class='ocrx_word' id='word_1_221' title='bbox 955 3103 964 3131; x_wconf 89' lang='lat'><em>,</em></span> <span class='ocrx_word' id='word_1_222' title='bbox 982 3055 1014 3119; x_wconf 90' lang='lat' dir='ltr'>in</span> <span class='ocrx_word' id='word_1_223' title='bbox 1024 3059 1090 3119; x_wconf 85' lang='lat' dir='ltr'>fine.</span> <span class='ocrx_word' id='word_1_224' title='bbox 1109 3059 1170 3141; x_wconf 76' lang='lat' dir='ltr'>Qua</span> 
     </span>
     <span class='ocr_line' id='line_1_28' title="bbox 101 3160 1168 3243; baseline -0.005 -22"><span class='ocrx_word' id='word_1_225' title='bbox 101 3161 206 3221; x_wconf 85' lang='lat' dir='ltr'>arctius</span> <span class='ocrx_word' id='word_1_226' title='bbox 223 3161 357 3225; x_wconf 79' lang='lat' dir='ltr'>adhaeret.</span> <span class='ocrx_word' id='word_1_227' title='bbox 373 3161 557 3243; x_wconf 82' lang='lat' dir='ltr'>Diphthongi</span> <span class='ocrx_word' id='word_1_228' title='bbox 581 3162 704 3222; x_wconf 84' lang='lat' dir='ltr'>exulant.</span> <span class='ocrx_word' id='word_1_229' title='bbox 728 3161 764 3221; x_wconf 87' lang='lat' dir='ltr'><em>H</em></span> <span class='ocrx_word' id='word_1_230' title='bbox 783 3160 995 3242; x_wconf 80' lang='lat' dir='ltr'>frequentatur,</span> <span class='ocrx_word' id='word_1_231' title='bbox 1012 3182 1041 3220; x_wconf 81' lang='lat' dir='ltr'>r.</span> <span class='ocrx_word' id='word_1_232' title='bbox 1058 3181 1083 3219; x_wconf 88' lang='lat' dir='ltr'>c.</span> <span class='ocrx_word' id='word_1_233' title='bbox 1101 3160 1168 3231; x_wconf 84' lang='lat' dir='ltr'>his,</span> 
     </span>
     <span class='ocr_line' id='line_1_29' title="bbox 101 3258 1169 3344; baseline -0.004 -23"><span class='ocrx_word' id='word_1_234' title='bbox 101 3263 214 3333; x_wconf 70' lang='lat' dir='ltr'>dunas,</span> <span class='ocrx_word' id='word_1_235' title='bbox 234 3283 287 3344; x_wconf 88' lang='lat' dir='ltr'>pro</span> <span class='ocrx_word' id='word_1_236' title='bbox 306 3287 313 3320; x_wconf 71' lang='grc' dir='ltr'><strong><em>ε</em></strong></span> <span class='ocrx_word' id='word_1_237' title='bbox 331 3265 374 3332; x_wconf 84' lang='lat' dir='ltr'>is,</span> <span class='ocrx_word' id='word_1_238' title='bbox 395 3272 479 3321; x_wconf 85' lang='lat' dir='ltr'>torus.</span> <span class='ocrx_word' id='word_1_239' title='bbox 502 3264 538 3321; x_wconf 90' lang='lat' dir='ltr'>ln</span> <span class='ocrx_word' id='word_1_240' title='bbox 556 3260 681 3344; x_wconf 83' lang='lat' dir='ltr'>margine</span> <span class='ocrx_word' id='word_1_241' title='bbox 695 3263 832 3323; x_wconf 83' lang='lat' dir='ltr'>variantes</span> <span class='ocrx_word' id='word_1_242' title='bbox 850 3282 884 3322; x_wconf 86' lang='lat' dir='ltr'>er</span> <span class='ocrx_word' id='word_1_243' title='bbox 904 3260 984 3343; x_wconf 83' lang='lat' dir='ltr'>vulg.</span> <span class='ocrx_word' id='word_1_244' title='bbox 1001 3258 1169 3321; x_wconf 85' lang='lat' dir='ltr'>recensione</span> 
     </span>
     <span class='ocr_line' id='line_1_30' title="bbox 103 3358 1171 3442; baseline -0.006 -20"><span class='ocrx_word' id='word_1_245' title='bbox 103 3359 264 3438; x_wconf 62' lang='lat' dir='ltr'>&amp;proma</span> <span class='ocrx_word' id='word_1_246' title='bbox 272 3360 435 3437; x_wconf 78' lang='lat' dir='ltr'>adscripsit3</span> <span class='ocrx_word' id='word_1_247' title='bbox 448 3361 502 3422; x_wconf 88' lang='lat' dir='ltr'>nisi</span> <span class='ocrx_word' id='word_1_248' title='bbox 513 3382 559 3421; x_wconf 91' lang='lat' dir='ltr'>me</span> <span class='ocrx_word' id='word_1_249' title='bbox 569 3362 664 3422; x_wconf 92' lang='lat' dir='ltr'>omnia</span> <span class='ocrx_word' id='word_1_250' title='bbox 674 3360 789 3436; x_wconf 80' lang='lat' dir='ltr'>fallunt,</span> <span class='ocrx_word' id='word_1_251' title='bbox 801 3361 970 3434; x_wconf 75' lang='lat' dir='ltr'>Santonica,</span> <span class='ocrx_word' id='word_1_252' title='bbox 982 3360 1031 3442; x_wconf 91' lang='lat' dir='ltr'>qui</span> <span class='ocrx_word' id='word_1_253' title='bbox 1040 3358 1171 3420; x_wconf 89' lang='lat' dir='ltr'>eumdem</span> 
     </span>
     <span class='ocr_line' id='line_1_31' title="bbox 103 3444 1254 3543; baseline -0.004 -23"><span class='ocrx_word' id='word_1_254' title='bbox 103 3444 207 3520; x_wconf 80' lang='lat' dir='ltr'>tibru‘m</span> <span class='ocrx_word' id='word_1_255' title='bbox 215 3461 246 3520; x_wconf 92' lang='lat' dir='ltr'>in</span> <span class='ocrx_word' id='word_1_256' title='bbox 259 3472 327 3522; x_wconf 82' lang='lat' dir='ltr'>nota</span> <span class='ocrx_word' id='word_1_257' title='bbox 340 3482 428 3543; x_wconf 84' lang='lat' dir='ltr'>marg.</span> <span class='ocrx_word' id='word_1_258' title='bbox 437 3459 473 3519; x_wconf 91' lang='lat' dir='ltr'>ad</span> <span class='ocrx_word' id='word_1_259' title='bbox 482 3459 551 3522; x_wconf 83' lang='lat' dir='ltr'>bibl.</span> <span class='ocrx_word' id='word_1_260' title='bbox 563 3463 625 3522; x_wconf 79' lang='lat' dir='ltr'>crit</span> <span class='ocrx_word' id='word_1_261' title='bbox 636 3461 766 3524; x_wconf 84' lang='lat' dir='ltr'>laudavit.</span> <span class='ocrx_word' id='word_1_262' title='bbox 780 3461 915 3542; x_wconf 89' lang='lat' dir='ltr'>Complet</span> <span class='ocrx_word' id='word_1_263' title='bbox 925 3461 972 3520; x_wconf 92' lang='lat' dir='ltr'>hic</span> <span class='ocrx_word' id='word_1_264' title='bbox 984 3460 1048 3521; x_wconf 83' lang='lat' dir='ltr'>cod.</span> <span class='ocrx_word' id='word_1_265' title='bbox 1060 3458 1100 3531; x_wconf 72' lang='grc'>48</span> <span class='ocrx_word' id='word_1_266' title='bbox 1114 3457 1166 3519; x_wconf 88' lang='lat' dir='ltr'>lol.</span> <span class='ocrx_word' id='word_1_267' title='bbox 1252 3476 1254 3481; x_wconf 91' lang='lat'>·</span> 
     </span>
     <span class='ocr_line' id='line_1_32' title="bbox 104 3558 1168 3634; baseline -0.004 -15"><span class='ocrx_word' id='word_1_268' title='bbox 104 3561 139 3620; x_wconf 87' lang='lat' dir='ltr'>ln</span> <span class='ocrx_word' id='word_1_269' title='bbox 156 3560 256 3621; x_wconf 79' lang='lat' dir='ltr'>Rachii</span> <span class='ocrx_word' id='word_1_270' title='bbox 278 3562 403 3623; x_wconf 85' lang='lat' dir='ltr'>editione</span> <span class='ocrx_word' id='word_1_271' title='bbox 423 3561 499 3623; x_wconf 91' lang='lat' dir='ltr'>etin</span> <span class='ocrx_word' id='word_1_272' title='bbox 518 3574 615 3623; x_wconf 90' lang='lat' dir='ltr'>nostra</span> <span class='ocrx_word' id='word_1_273' title='bbox 635 3585 664 3622; x_wconf 90' lang='lat' dir='ltr'>n.</span> <span class='ocrx_word' id='word_1_274' title='bbox 682 3560 720 3634; x_wconf 80' lang='lat'>3,</span> <span class='ocrx_word' id='word_1_275' title='bbox 739 3574 863 3623; x_wconf 88' lang='lat' dir='ltr'>notatur.</span> <span class='ocrx_word' id='word_1_276' title='bbox 888 3561 1041 3623; x_wconf 88' lang='lat' dir='ltr'>Librorum</span> <span class='ocrx_word' id='word_1_277' title='bbox 1065 3559 1120 3619; x_wconf 85' lang='lat' dir='ltr'>FF</span> <span class='ocrx_word' id='word_1_278' title='bbox 1138 3558 1168 3616; x_wconf 91' lang='lat' dir='ltr'>in</span> 
     </span>
     <span class='ocr_line' id='line_1_33' title="bbox 102 3660 1167 3736; baseline -0.001 -17"><span class='ocrx_word' id='word_1_279' title='bbox 102 3660 233 3720; x_wconf 84' lang='lat' dir='ltr'>Brouhh.</span> <span class='ocrx_word' id='word_1_280' title='bbox 250 3661 295 3720; x_wconf 79' lang='lat' dir='ltr'>ed.</span> <span class='ocrx_word' id='word_1_281' title='bbox 311 3674 387 3722; x_wconf 84' lang='lat' dir='ltr'>tanta</span> <span class='ocrx_word' id='word_1_282' title='bbox 400 3683 464 3721; x_wconf 90' lang='lat' dir='ltr'>curn</span> <span class='ocrx_word' id='word_1_283' title='bbox 480 3662 557 3721; x_wconf 87' lang='lat' dir='ltr'>hisce</span> <span class='ocrx_word' id='word_1_284' title='bbox 574 3683 614 3734; x_wconf 87' lang='lat' dir='ltr'>a,</span> <span class='ocrx_word' id='word_1_285' title='bbox 633 3660 675 3733; x_wconf 82' lang='lat'>3,</span> <span class='ocrx_word' id='word_1_286' title='bbox 699 3661 856 3722; x_wconf 87' lang='lat' dir='ltr'>similitudo</span> <span class='ocrx_word' id='word_1_287' title='bbox 873 3660 1039 3732; x_wconf 85' lang='lat' dir='ltr'>invenitur,</span> <span class='ocrx_word' id='word_1_288' title='bbox 1062 3670 1095 3719; x_wconf 94' lang='lat' dir='ltr'>ut</span> <span class='ocrx_word' id='word_1_289' title='bbox 1113 3677 1167 3736; x_wconf 91' lang='lat' dir='ltr'>pro</span> 
     </span>
     <span class='ocr_line' id='line_1_34' title="bbox 104 3757 1170 3841; baseline -0.002 -22"><span class='ocrx_word' id='word_1_290' title='bbox 104 3757 201 3819; x_wconf 66' lang='lat' dir='ltr'>’tndem</span> <span class='ocrx_word' id='word_1_291' title='bbox 214 3759 358 3821; x_wconf 87' lang='lat' dir='ltr'>habendos</span> <span class='ocrx_word' id='word_1_292' title='bbox 372 3782 432 3821; x_wconf 90' lang='lat' dir='ltr'>esse</span> <span class='ocrx_word' id='word_1_293' title='bbox 447 3760 533 3821; x_wconf 80' lang='lat' dir='ltr'>Bach.</span> <span class='ocrx_word' id='word_1_294' title='bbox 550 3761 596 3822; x_wconf 85' lang='lat' dir='ltr'>rix</span> <span class='ocrx_word' id='word_1_295' title='bbox 609 3760 729 3822; x_wconf 85' lang='lat' dir='ltr'>dubitet.</span> <span class='ocrx_word' id='word_1_296' title='bbox 745 3762 849 3822; x_wconf 89' lang='lat' dir='ltr'>Parnm</span> <span class='ocrx_word' id='word_1_297' title='bbox 864 3773 957 3823; x_wconf 88' lang='lat' dir='ltr'>autem</span> <span class='ocrx_word' id='word_1_298' title='bbox 970 3760 1122 3841; x_wconf 84' lang='lat' dir='ltr'>diligenter</span> <span class='ocrx_word' id='word_1_299' title='bbox 1141 3770 1170 3818; x_wconf 89' lang='lat' dir='ltr'>et</span> 
     </span>
     <span class='ocr_line' id='line_1_35' title="bbox 103 3860 1103 3943; baseline 0.001 -26"><span class='ocrx_word' id='word_1_300' title='bbox 103 3875 231 3921; x_wconf 88' lang='lat' dir='ltr'>accurate</span> <span class='ocrx_word' id='word_1_301' title='bbox 246 3861 400 3930; x_wconf 86' lang='lat' dir='ltr'>illisusum</span> <span class='ocrx_word' id='word_1_302' title='bbox 414 3860 499 3922; x_wconf 84' lang='lat' dir='ltr'>fuisse</span> <span class='ocrx_word' id='word_1_303' title='bbox 514 3861 725 3922; x_wconf 82' lang='lat' dir='ltr'>Brouhhusium</span> <span class='ocrx_word' id='word_1_304' title='bbox 734 3906 743 3935; x_wconf 86' lang='lat'><strong><em>,</em></strong></span> <span class='ocrx_word' id='word_1_305' title='bbox 758 3862 789 3920; x_wconf 92' lang='lat' dir='ltr'>in</span> <span class='ocrx_word' id='word_1_306' title='bbox 806 3873 923 3943; x_wconf 89' lang='lat' dir='ltr'>promtu</span> <span class='ocrx_word' id='word_1_307' title='bbox 938 3873 982 3922; x_wconf 88' lang='lat' dir='ltr'>est</span> <span class='ocrx_word' id='word_1_308' title='bbox 997 3861 1103 3921; x_wconf 82' lang='lat' dir='ltr'>videre.</span> 
     </span>
    </p>

    <p class='ocr_par' dir='ltr' id='par_1_7' title="bbox 103 3961 1174 4244">
     <span class='ocr_line' id='line_1_36' title="bbox 147 3961 1171 4034; baseline -0.003 -12"><span class='ocrx_word' id='word_1_309' title='bbox 147 3961 197 4022; x_wconf 84' lang='lat' dir='ltr'>lV.</span> <span class='ocrx_word' id='word_1_310' title='bbox 206 3962 308 4024; x_wconf 80' lang='lat' dir='ltr'>Codex</span> <span class='ocrx_word' id='word_1_311' title='bbox 316 3962 527 4034; x_wconf 83' lang='lat' dir='ltr'>membraneus,</span> <span class='ocrx_word' id='word_1_312' title='bbox 536 3962 605 4024; x_wconf 93' lang='lat' dir='ltr'>olim</span> <span class='ocrx_word' id='word_1_313' title='bbox 615 3961 670 4023; x_wconf 86' lang='lat' dir='ltr'>luit</span> <span class='ocrx_word' id='word_1_314' title='bbox 680 3962 760 4024; x_wconf 85' lang='lat' dir='ltr'>ducis</span> <span class='ocrx_word' id='word_1_315' title='bbox 771 3963 840 4022; x_wconf 83' lang='lat' dir='ltr'>dela</span> <span class='ocrx_word' id='word_1_316' title='bbox 848 3963 883 4022; x_wconf 90' lang='lat' dir='ltr'><em>V</em></span> <span class='ocrx_word' id='word_1_317' title='bbox 878 3963 985 4022; x_wconf 68' lang='lat' dir='ltr'>allilia.</span> <span class='ocrx_word' id='word_1_318' title='bbox 997 3962 1100 4021; x_wconf 82' lang='lat' dir='ltr'>Forma</span> <span class='ocrx_word' id='word_1_319' title='bbox 1111 3971 1171 4020; x_wconf 80' lang='lat' dir='ltr'>oct.</span> 
     </span>
     <span class='ocr_line' id='line_1_37' title="bbox 103 4059 1172 4133; baseline -0.002 -12"><span class='ocrx_word' id='word_1_320' title='bbox 103 4059 301 4123; x_wconf 86' lang='lat' dir='ltr'>minutissima.</span> <span class='ocrx_word' id='word_1_321' title='bbox 319 4064 354 4122; x_wconf 92' lang='lat' dir='ltr'>ln</span> <span class='ocrx_word' id='word_1_322' title='bbox 369 4061 464 4123; x_wconf 80' lang='lat' dir='ltr'>fronte</span> <span class='ocrx_word' id='word_1_323' title='bbox 479 4061 542 4122; x_wconf 91' lang='lat' dir='ltr'>libri</span> <span class='ocrx_word' id='word_1_324' title='bbox 561 4061 654 4123; x_wconf 88' lang='lat' dir='ltr'>littera</span> <span class='ocrx_word' id='word_1_325' title='bbox 668 4064 718 4133; x_wconf 81' lang='lat' dir='ltr'>D‚·</span> <span class='ocrx_word' id='word_1_326' title='bbox 735 4062 830 4124; x_wconf 91' lang='lat' dir='ltr'>nitore</span> <span class='ocrx_word' id='word_1_327' title='bbox 843 4063 904 4125; x_wconf 90' lang='lat' dir='ltr'>auri</span> <span class='ocrx_word' id='word_1_328' title='bbox 918 4074 948 4125; x_wconf 92' lang='lat' dir='ltr'>et</span> <span class='ocrx_word' id='word_1_329' title='bbox 962 4062 1104 4122; x_wconf 83' lang='lat' dir='ltr'>variorum</span> <span class='ocrx_word' id='word_1_330' title='bbox 1116 4079 1172 4118; x_wconf 88' lang='lat' dir='ltr'>co·</span> 
     </span>
     <span class='ocr_line' id='line_1_38' title="bbox 103 4158 1174 4244; baseline -0.001 -24"><span class='ocrx_word' id='word_1_331' title='bbox 103 4161 200 4223; x_wconf 83' lang='lat' dir='ltr'>lorum</span> <span class='ocrx_word' id='word_1_332' title='bbox 222 4163 362 4244; x_wconf 78' lang='lat' dir='ltr'>splendet·</span> <span class='ocrx_word' id='word_1_333' title='bbox 379 4161 532 4223; x_wconf 87' lang='lat' dir='ltr'>Character</span> <span class='ocrx_word' id='word_1_334' title='bbox 552 4174 596 4223; x_wconf 84' lang='lat' dir='ltr'>est</span> <span class='ocrx_word' id='word_1_335' title='bbox 616 4163 779 4235; x_wconf 86' lang='lat' dir='ltr'>minutior,</span> <span class='ocrx_word' id='word_1_336' title='bbox 808 4163 906 4224; x_wconf 89' lang='lat' dir='ltr'>similis</span> <span class='ocrx_word' id='word_1_337' title='bbox 934 4163 993 4224; x_wconf 85' lang='lat' dir='ltr'>lere</span> <span class='ocrx_word' id='word_1_338' title='bbox 1018 4158 1174 4221; x_wconf 84' lang='lat' dir='ltr'>uncialibus</span> 
     </span>
    </p>
   </div>
   <div class='ocr_carea' id='block_1_5' title="bbox 0 0 1434 4996">
    <p class='ocr_par' dir='ltr' id='par_1_8' title="bbox 0 0 1434 4996">
     <span class='ocr_line' id='line_1_39' title="bbox 0 0 1434 4996; baseline 0 0"><span class='ocrx_word' id='word_1_339' title='bbox 0 0 1434 4996; x_wconf 95' lang='lat' dir='ltr'> </span> 
     </span>
    </p>
   </div>
  </div>
 </body>
</html>
