2806 5002
146 445 208 525 ij
439 445 500 505 DE
522 442 668 504 ALBIO
690 442 913 504 TIBULLO.

248 575 290 634 M.
306 573 466 633 vacuatus
483 574 682 648 Msnrnms,
698 573 764 634 Lib.
779 575 873 646 Vllt,
888 574 988 655 Εριῐςν.
1004 578 1121 637 amar.

309 701 390 753 Fama
403 712 440 751 est
453 701 535 772 arguti
547 698 662 753 Nemesis
674 703 784 755 formosa
795 701 910 754 Tibulli:

340 791 430 844 Lesbia
442 790 564 857 dietavit,
577 792 649 844 docte
663 791 778 859 cautla,
791 792 846 845 tibi

469 909 568 982 tdem,
583 909 645 971 Lib.
663 911 756 983 XIV,
775 911 874 992 Epigr.
889 927 999 974 crem.

309 1038 379 1091 Ussit
390 1053 527 1092 amatorem
540 1040 655 1093 Nemesis
666 1040 760 1093 lasciva
767 1038 914 1108 Tibullum,

341 1131 372 1181 lu
385 1143 437 1182 tota
449 1130 514 1202 juvit
528 1149 604 1201 quem
618 1130 686 1184 nibil
700 1151 751 1183 esse
764 1131 874 1183 domo*.

468 1274 503 1331 L.
525 1273 736 1345 appuimus,
754 1275 902 1352 Apologia„

186 1404 333 1463 Accusent
334 1445 380 1462 .....
394 1415 424 1463 et
440 1401 610 1477 Tibullum,
634 1404 711 1484 quod
728 1404 755 1464 ei
774 1404 812 1465 sit
826 1403 935 1464 Plautia
952 1405 983 1463 in
1000 1403 1118 1479 animo,
1136 1407 1227 1467 Delia

143 1529 176 1568 ιιι
191 1531 287 1570 versu.

225 1604 230 1638 ¹
297 1615 333 1676 C.
355 1616 490 1678 Soauus
511 1615 668 1676 Stuoruns
690 1616 922 1691 denuntiaris,
951 1614 1046 1677 cmm.
1063 1638 1097 1701 9.

184 1747 255 1808 Non
273 1746 424 1808 Geticulus
440 1746 485 1806 bic
503 1744 554 1809 tibi
572 1745 700 1828 legetur,

184 1854 256 1915 Non
272 1855 404 1927 Marsus,
425 1852 526 1925 Pedo,
547 1853 656 1925 Silius,
681 1850 824 1913 Tibullus.

514 1984 596 2043 Idem
613 1984 654 2042 ad
669 1983 850 2062 Hesperum.

184 2114 368 2186 Memineris,
385 2113 464 2194 quod
480 2093 555 2191 saepe
571 2135 684 2176 versum
698 2111 852 2189 complevit
867 2111 950 2174 Delia
965 2135 1031 2174 cum
1046 2112 1176 2178 Tibullo.

287 2247 459 2305 Drounucs
476 2247 731 2320 Gnsuusrrcus,
749 2244 813 2304 Lib.
827 2244 894 2320 111,
910 2267 973 2326 cop.
989 2261 1036 2306 vr.

185 2379 275 2454 Quod
291 2399 382 2460 genus
400 2377 530 2437 carminis
542 2376 692 2459 (Elegiam
702 2376 712 2456 J
724 2377 866 2458 praecipue
877 2377 1054 2458 scripserunt
1063 2380 1141 2456 apud
1153 2381 1215 2442 lto·

144 2506 243 2545 manos
259 2484 428 2564 Propertius
439 2495 469 2542 et
478 2480 629 2555 Tibullus,
640 2481 741 2541 imitati
757 2483 879 2544 Graecos
891 2482 1095 2546 Callimachum
1112 2498 1142 2548 et
1154 2488 1214 2547 Eu-

144 2590 356 2672 phormionem.

265 2722 409 2782 loannes
424 2723 577 2782 Barrrsrs
593 2686 686 2793 Pius,
705 2720 813 2782 Annot.
824 2731 928 2802 poster.
943 2743 1006 2802 cup.
1023 2738 1097 2783 cxv.

185 2853 322 2930 Princeps
337 2853 494 2935 Elegorum
511 2863 659 2930 poetarum
672 2864 717 2912 est
728 2851 816 2912 dubio
831 2851 935 2933 procul
947 2851 1052 2913 Albius
1064 2852 1215 2927 Tibullus,

145 2958 209 3039 quia
225 2979 312 3031 vere,
335 2981 397 3019 non
414 2958 622 3021 dissimulanter
635 2969 684 3018 aut
701 2958 847 3034 obnoxie,
871 2970 1010 3019 amantem
1024 2959 1102 3043 agit3
1126 2961 1217 3023 modo

146 3063 296 3140 superbit,
320 3065 407 3125 modu
424 3064 562 3147 supplicat
575 3063 729 3138 ,‘annuit,
750 3063 866 3137 renuit,
880 3064 1023 3138 minatur,
1040 3063 1215 3140 intercedit,

145 3162 344 3244 dedignatur,
371 3163 517 3237 devovet,
544 3177 630 3237 orat,
653 3163 818 3224 inconstans
844 3176 905 3236 est,
932 3163 1012 3246 quod
1032 3166 1128 3229 votuit
1155 3190 1216 3229 non

143 3269 229 3341 vult,
245 3269 323 3349 quod
340 3268 449 3350 optavit
468 3269 593 3352 refugit,
607 3293 702 3332 secum
719 3270 880 3343 dissidens,
895 3282 928 3331 ut
944 3271 975 3331 iu
988 3293 1055 3332 vera
1071 3274 1216 3355 cupidinis
1240 3292 1261 3307 ⁶

144 3387 206 3437 rota
219 3375 297 3434 illum
311 3374 464 3457 circumagi
479 3375 584 3435 credas.
598 3376 667 3437 Non
685 3376 764 3438 deest
780 3377 919 3440 tamenin
934 3389 1015 3440 tanto
1031 3380 1132 3462 lepore
1149 3402 1216 3447 ver·

143 3479 247 3543 borum
263 3506 329 3544 suus
348 3481 426 3542 nitor
442 3492 472 3541 et
486 3480 697 3542 reconditarum
716 3503 812 3542 rerum
828 3482 968 3566 cognitio.

351 3639 503 3700 Ancrcus
523 3640 735 3712 Pontianus,
757 3639 874 3701 Nutric.
891 3663 919 3701 v.
933 3637 1004 3726 539.

372 3769 442 3821 ...Ut
452 3767 510 3819 tersi
523 3782 647 3821 memorat
659 3769 700 3838 pia
712 3769 787 3820 Musa
798 3768 912 3837 Tibulli,
992 3839 1002 3850 ἱ

337 3858 411 3910 lllusa
425 3858 472 3910 sibi
487 3860 580 3932 primos
594 3878 650 3931 qun
663 3860 717 3927 jure
730 3860 846 3912 adsciscit
858 3860 976 3915 bonores

334 3948 473 4021 lmparibus
486 3951 609 4013 numeris,
625 3951 650 3999 ui
661 3948 756 4002 blanda
773 3949 916 4020 Propertius
927 3971 972 4007 ora

338 4039 439 4104 Solvat,
456 4053 479 4092 et
488 4039 633 4112 ambiguam
644 4039 720 4095 faciat
731 4041 868 4093 certamine
877 4039 996 4117 palmam.

166 4203 634 4256 *viaaetttutw‚ut.1,n03.v,v.ss
