2834 4996
297 457 615 525 ELFGIARUM
645 458 749 524 LIB.
783 458 812 523 1.
844 458 993 526 ΠΕΟ.
1028 462 1106 528 ΙΙΙ.
1194 459 1232 544 dr

218 597 363 682 Abdita,
384 627 482 698 quarn
501 598 622 672 circum
639 598 772 673 llumina
788 598 885 692 nigra
902 614 1031 672 sonant.

167 713 418 814 Tisiphoneque
436 714 564 815 impexa
581 713 669 787 seros
685 741 746 814 pro
764 713 912 787 crinibus
931 741 1054 810 angues

220 830 336 913 savin
355 847 385 902 et
402 830 468 902 buc
486 827 565 903 illuc
582 829 683 930 impia
699 829 796 902 turba
814 828 911 924 sugit.
1207 869 1240 925 7⁰

171 945 257 1016 Tum
276 944 371 1037 niger
388 942 424 1015 in
440 960 538 1044 porta
554 960 747 1043 serpentum
764 941 926 1016 Cerberus
944 971 1000 1017 ore

171 1097 335 1167 surgentibus
350 1116 356 1149 :
370 1119 383 1141 «
400 1097 582 1169 Qunmsimul
598 1116 681 1165 agno-
729 1100 864 1163 inpletam
873 1097 971 1166 legunt.
980 1097 1055 1152 Utut
1063 1108 1112 1164 est,
1120 1116 1175 1151 non
1184 1110 1241 1153 erat

172 1187 234 1228 runt
250 1176 321 1230 inter
332 1176 446 1245 caliginis
460 1175 585 1242 umbras,
607 1176 680 1231 Sur·
729 1173 800 1243 quod
812 1173 1242 1245 illitrrherlicldusboeetsequens

172 1273 260 1306 rexere
274 1253 329 1306 dea·
345 1273 351 1306 t
369 1254 445 1307 sedes
458 1254 589 1309 Scelerata
600 1275 682 1309 voca-
729 1251 857 1304 distichon
872 1253 975 1306 exulare
991 1254 1109 1321 juberet,
1129 1263 1158 1307 ut
1176 1273 1241 1322 spu-

173 1344 246 1386 tur.»
260 1333 682 1400 Queriturnmenrnrscelemra
729 1330 818 1395 rium,
840 1340 918 1399 atque
941 1341 1002 1399 apto
1024 1329 1150 1385 orationis
1171 1350 1240 1385 nexu

173 1429 225 1464 non
247 1410 384 1479 epitheton
404 1410 455 1464 dici
474 1421 578 1480 posset,
597 1423 625 1466 et
642 1422 681 1465 est
729 1426 829 1460 mrem.

173 1508 246 1553 sane,
264 1500 294 1541 ut
313 1488 382 1556 apud
400 1491 559 1558 Virgilium,
575 1490 681 1544 AEneid.
767 1507 806 1555 7⁰·
818 1489 899 1540 Sori't.
911 1488 1074 1542 Verberibus
1082 1498 1110 1542 et
1120 1486 1194 1541 taedis
1205 1507 1244 1541 ar-

173 1566 213 1621 lib.
226 1567 280 1631 Vl,
289 1586 356 1620 vers.
364 1568 426 1630 563.
436 1573 584 1621 sceleratum
590 1573 682 1634 trium
731 1566 853 1621 dentibus
864 1567 973 1620 miseros
985 1567 1168 1637 exagitatVid.
1178 1566 1242 1622 AEn.

174 1654 198 1698 et
210 1663 277 1697 vers.
288 1647 354 1710 543,
373 1651 451 1712 impia
461 1656 565 1698 tartara.
731 1646 774 1699 lib
788 1645 845 1711 Vl,
865 1665 930 1698 vers.
944 1649 994 1714 570
1006 1668 1012 1708 ;
1029 1645 1074 1698 Sil.
1085 1644 1128 1699 llb.
1142 1647 1187 1712 ll,
1207 1665 1244 1699 rs.

203 1723 244 1776 68.
259 1728 341 1789 Quam
351 1728 445 1776 circuni
456 1734 505 1776 ete.
517 1723 630 1777 Noverit
642 1723 683 1777 hie
732 1728 793 1788 ⁵273
804 1723 896 1776 Senec„
914 1722 986 1775 Med.
998 1742 1062 1776 rere.
1074 1725 1140 1794 958ς
1156 1723 1243 1776 Valer.

176 1799 284 1869 aliquid,
298 1811 344 1854 aut
355 1802 464 1855 variavit
473 1802 566 1856 saltem
576 1842 584 1868 ,
595 1802 644 1856 niei
653 1821 684 1856 eu
732 1800 816 1853 Flatc.
826 1799 869 1852 lib.
883 1801 954 1866 Vll,
967 1819 1003 1852 rs.
1020 1805 1071 1867 ¹47·
1084 1801 1174 1853 Sorr’re
1191 1818 1243 1852 eo-

177 1877 315 1933 Phtonicis
330 1881 488 1934 commentis
505 1880 568 1934 illud
582 1882 683 1950 repeti·
732 1877 794 1930 dem
804 1877 884 1930 modo
894 1877 962 1947 apud
973 1877 1102 1932 Ovidium
1116 1897 1123 1931 ε
1136 1900 1149 1924 o
1160 1877 1244 1932 Colli-

177 1964 230 2011 tm
248 1957 426 2026 melis,quod
445 1971 571 2012 tartarum
587 1959 683 2013 durni-
733 1955 1245 2026 gitst'hoebusequomtimuloquedo·
1298 1996 1301 2005 ·

179 2038 251 2093 ritus
271 2038 365 2092 ambiri
383 2051 487 2106 narrat,
511 2058 568 2109 qun
588 2039 684 2109 alioqui
730 2037 1045 2091 mansetverbereraevit.
1059 2039 1246 2090 »-Ilucr'llrrc

178 2134 255 2183 regna
269 2116 390 2171 Plutonis
403 2117 458 2172 loca
477 2118 558 2170 intera
572 2119 685 2172 omnino
730 2114 886 2182 turbaesugit.
900 2116 952 2169 Hic
961 2116 1032 2170 locus
1046 2115 1244 2169 Homerumle·

178 2191 363 2248 intercludunt.
383 2196 489 2251 Accedit
501 2196 533 2249 ad
549 2216 580 2250 ea
594 2195 686 2250 liund-
729 2217 758 2250 re
769 2208 903 2250 auctorem
918 2196 1013 2262 hahet,
1028 2205 1063 2251 ert
1077 2203 1102 2251 δι’
1115 2205 1181 2251 σκιαὶ
1190 2197 1246 2251 trr-

178 2272 252 2325 nain
272 2275 329 2342 ipso
344 2274 398 2328 orri
415 2274 503 2341 aditu,
522 2276 638 2344 quisquis
653 2296 685 2329 er
733 2262 1204 2348 rouon;et0dyse.Xl,504:dppl
1220 2278 1245 2327 di

178 2345 235 2402 lotis
259 2349 361 2419 superis
380 2350 522 2405 descendit.
546 2352 604 2405 Vld.
625 2354 685 2407 lire.
731 2362 869 2422 preximi
884 2360 966 2410 uictor
981 2357 1026 2420 riu,
1043 2359 1129 2409 otono-r
1143 2356 1181 2412 ὥς·

179 2425 215 2482 lx
232 2428 322 2482 adlib.
342 2431 381 2483 Vl
399 2429 504 2482 AEneid.
522 2430 555 2484 de
579 2431 684 2499 Ixione,
766 2452 805 2500 7¹·
834 2435 897 2485 Tum
917 2439 994 2500 niger.
1016 2431 1132 2500 Scaliger
1144 2431 1179 2484 ita
1197 2448 1246 2482 re·

179 2503 257 2578 Tityo
267 2518 295 2559 et
308 2509 424 2571 teteris3
442 2508 469 2561 in
486 2528 541 2578 sqq.
561 2527 686 2563 eorume-
733 2509 826 2563 linxit:
841 2532 854 2556 o
869 2512 941 2564 Turn
955 2511 1031 2580 niger
1050 2512 1077 2563 in
1091 2520 1167 2580 porta
1185 2529 1246 2562 ser-

178 2586 284 2638 noratis
304 2587 388 2640 rnulta
407 2591 536 2654 congessit
554 2588 686 2642 Brouekh.
733 2607 817 2657 pens,
835 2599 892 2641 tum
907 2588 1040 2641 Cerberus
1052 2607 1098 2640 ore
1110 2586 1219 2641 Stridet.
1233 2609 1246 2632 >v

179 2659 220 2715 Τι
231 2663 291 2718 ride
309 2675 405 2733 preter
417 2665 527 2718 culicem
548 2668 687 2736 inprimis,
734 2668 770 2720 H.
787 2669 861 2720 Voss.
881 2667 947 2720 hanc
958 2666 1174 2719 emendationem
1188 2684 1247 2717 arn-

178 2737 285 2796 hiet.
296 2744 338 2798 lib.
352 2745 405 2807 Vl,
421 2765 487 2799 vers.
496 2751 545 2816 570
556 2766 622 2816 sqq;
639 2751 687 2820 ⁵9⁵
734 2746 838 2818 plexus,
859 2766 901 2799 ore
916 2747 943 2799 in
957 2766 1003 2798 ora
1016 2744 1143 2811 mutavit,
1156 2755 1186 2798 ut
1201 2743 1246 2798 le-

178 2835 234 2887 sqq.
246 2820 340 2874 Hm.
734 2836 863 2894 genetore
876 2826 963 2876 stridet
974 2843 982 2874 .·
993 2825 1121 2875 Cerberum
1130 2841 1194 2874 vero
1202 2842 1248 2875 ora

212 2898 255 2970 sq
277 2900 409 2966 mentone
422 2911 472 2955 etc.
488 2899 531 2954 De
544 2902 687 2972 Tisiphone
735 2907 878 2957 stridentem
889 2919 994 2971 prorsus
1011 2902 1114 2970 ignorat
1130 2919 1247 2954 consue-

180 2985 207 3030 et
216 2974 241 3028 F
241 2975 306 3030 urile
316 2977 372 3032 vide
382 2979 474 3049 Vir-gil.
488 2979 551 3032 AEn.
563 2979 606 3034 lib.
616 2980 686 3047 Vll,
735 2981 801 3036 tudo
819 2980 904 3034 Latini
919 2978 1065 3041 sermonis3
1087 2979 1164 3031 latrat
1174 2979 1248 3032 eninr

180 3073 244 3108 vern.
253 3054 321 3121 44&
331 3054 441 3122 Culicis,
451 3076 517 3111 vers.
531 3079 577 3127 ²¹7
588 3080 595 3120 3
609 3057 689 3113 Orid.
735 3059 806 3112 tanis
816 3097 822 3123 ,
832 3077 887 3111 non
896 3057 996 3111 stridet.
1007 3056 1149 3127 Vulgatam
1161 3076 1191 3110 ac.
1201 3076 1248 3127 ge·

181 3131 292 3187 Metam.
310 3131 354 3187 lib.
372 3136 429 3202 lV,
451 3154 517 3190 vers.
540 3139 605 3205 487;
622 3138 689 3191 Stat.
736 3136 846 3190 nuinam
866 3135 1008 3189 lectionem
1032 3145 1143 3189 tuentur
1164 3135 1248 3191 multa

181 3209 265 3267 Theb.
284 3211 328 3265 lib.
347 3214 377 3279 l,
395 3233 462 3268 rere.
480 3218 543 3281 ¹⁰⁴³
560 3214 616 3268 Silii
636 3216 691 3268 lta·
737 3225 874 3286 poetarum
896 3214 951 3267 loca
967 3234 973 3267 ε
991 3213 1061 3285 apud
1081 3214 1247 3281 Hesiodum,

180 3285 220 3345 liu'
231 3330 239 3356 ,
252 3289 297 3344 lib.
312 3292 355 3356 ll,
367 3311 432 3346 vers.
448 3294 512 3359 543,
526 3305 574 3348 etr„
588 3294 690 3347 Eadem
738 3295 839 3365 Theog.
860 3292 1014 3367 Typhoeus,
1030 3290 1141 3345 Cerberi
1158 3303 1248 3362 peter,

181 3368 315 3438 scripture
324 3370 447 3437 varietas,
457 3390 537 3440 qnam
548 3390 626 3440 supra
640 3392 690 3426 no-
738 3374 802 3426 item
822 3383 931 3425 centum
954 3371 1082 3439 serpentis
1104 3371 1248 3440 capitibus,

182 3450 310 3513 lavimus,
323 3468 389 3503 vern
400 3452 453 3517 fit,
472 3451 624 3505 adverbum
638 3459 690 3507 r'm-
736 3456 824 3527 ῥηξεε,
843 3450 990 3517 eodemque
1005 3448 1084 3502 modo
1102 3447 1170 3517 apud
1184 3448 1249 3499 Vir-

182 3533 276 3588 nr‘aetae,
298 3527 349 3581 hoc
364 3528 443 3582 etiarn
456 3532 513 3584 loco
526 3533 643 3584 notanda
652 3542 692 3585 est
739 3530 846 3601 gilium,
865 3528 972 3582 AEneid.
990 3526 1034 3580 lib.
1053 3527 1122 3592 Vll,
1135 3546 1172 3579 vs.
1184 3529 1249 3594 447:

182 3602 212 3655 ad
224 3604 338 3657 verbum
351 3610 467 3673 impeta:
478 3627 541 3660 nam
553 3608 692 3664 Fruterius
739 3608 851 3679 Errirnys
871 3606 955 3661 sibilat
973 3609 1068 3678 hydrri.
1089 3605 1142 3672 Ar,
1165 3603 1251 3673 inquit

182 3678 280 3735 lumin
293 3683 417 3752 proponit
429 3689 556 3750 implexa.
569 3685 692 3740 Gebhar-
718 3684 722 3699 '
741 3687 778 3739 fl.
799 3687 889 3751 Vosn,
904 3685 932 3737 in
946 3695 1037 3754 porta,
1051 3684 1101 3737 boe
1114 3692 1169 3749 est,
1183 3687 1251 3734 rietus

183 3756 340 3815 innuen.
351 3761 502 3832 Utrumque
510 3766 635 3835 exemplis
643 3765 693 3818 de·
740 3763 821 3818 habet
839 3763 930 3817 sedern
956 3782 1082 3832 serpens,
1105 3759 1251 3815 seeundum

182 3837 256 3893 leudi
267 3850 366 3908 potem
378 3842 424 3895 red
431 3854 501 3898 reete
509 3845 600 3898 scribit
608 3846 693 3899 Brou-
742 3841 902 3911 Virgilium,
925 3841 1032 3894 AEneid.
1050 3840 1093 3893 lib.
1111 3839 1165 3905 Vl,
1186 3858 1251 3892 vere.

183 3915 305 3972 tkhnsiuo
313 3936 318 3970 :
327 3919 509 3989 Tieiphonern,
517 3920 640 3991 quosorel
648 3933 694 3977 ter·
742 3920 800 3991 576,
809 3920 947 3988 anteferes
959 3930 1065 3979 orator,
1077 3918 1103 3970 id
1112 3929 1168 3983 est,
1181 3922 1254 3984 lorge

183 3997 527 4068 nvomimpexamlacit
545 4001 691 4071 Virgilius,
741 4019 758 4051 a
769 3993 1041 4066 soriduraerare's.'ad
1065 3996 1153 4067 Stygis
1167 3994 1252 4063 ripam

187 4068 374 4141 AEneid.vtt,
387 4077 511 4145 remilly
526 4095 533 4130 ε
546 4098 560 4123 α
572 4078 692 4147 Tegmen
742 4082 853 4132 excubat
873 4076 1013 4132 Cerberus.
1029 4104 1061 4115 —
1080 4075 1160 4144 Quod
1175 4082 1204 4126 ut
1217 4073 1254 4126 ito

186 4158 312 4219 torquens
324 4150 440 4206 immune
456 4154 554 4222 leonis,
571 4154 694 4209 Tenibili
743 4158 792 4224 sit,
812 4177 864 4226 qua
883 4157 916 4210 de
934 4175 962 4208 re
975 4175 1029 4208 non
1048 4153 1171 4224 disputo,
1189 4151 1251 4221 quid

187 4241 322 4283 turnum
333 4239 416 4285 reta.»
425 4231 479 4288 dlii
488 4243 591 4301 nmen,
600 4233 694 4302 fateor,
743 4245 802 4287 tum
810 4232 917 4301 postea?
928 4232 1031 4301 Nempe
1039 4249 1112 4285 nune
1121 4228 1253 4282 Cerberus
