2834 4996
166 455 223 520 xliv
554 458 613 518 DE
635 458 833 520 TlBULLl

166 635 1226 674 Q

165 784 264 889 DE
311 782 626 890 TIBULLI
669 784 1224 895 EDIT·IONIBUS¹.

573 996 813 1021 -ὑ-

416 1145 667 1219 EDITIONES
690 1132 867 1221 s'AEctJLl
892 1149 966 1221 XV.

513 1498 539 1569 l.
559 1497 749 1585 I’ineltm,
770 1499 874 1593 in-dtt.
916 1484 921 1499 ’

284 1692 385 1753 nunu.
406 1695 532 1754 Truvnr.
553 1695 688 1758 torris.

282 1802 453 1861 lnuvsrnrs.
474 1805 581 1864 Erunn.
601 1803 735 1864 Pnruvs.
756 1804 813 1864 Er.

279 1909 394 1971 Pnruo.
415 1911 589 1972 Pmsurvu
606 1934 614 1970 :
633 1914 737 1988 Qvon.
756 1914 918 1973 Drvrrrrs:

281 2018 403 2091 Arovn.
424 2023 563 2082 Murem.
584 2021 725 2082 Snnnrts.
744 2022 882 2081 Deurnu.

282 2131 387 2191 Aunr.
408 2147 457 2192 nr.
482 2131 597 2192 Auum.
619 2132 755 2192 Vscrnn.

281 2239 436 2301 Pnonsvs.
456 2240 567 2300 Vsnrr.
591 2240 724 2300 Iucrnrr.
745 2240 822 2301 Fon,

201 2416 237 2475 ln
251 2412 363 2476 {ineest
377 2415 506 2497 Sapphus
521 2416 649 2493 Epistola
667 2416 702 2478 ad
721 2417 888 2489 Phaonem,
908 2436 942 2479 ex
958 2417 1085 2493 Ovidio,
1102 2419 1148 2479 cui
1165 2418 1223 2479 hoc

160 2514 305 2577 distichon
318 2510 427 2578 accedit
439 2539 446 2575 ι

321 2670 369 2722 Illa
382 2672 465 2720 iurem
479 2671 579 2722 Plrsoni
590 2690 666 2738 quum
680 2672 776 2744 scripsit
789 2670 891 2743 epistolu
905 2671 1007 2743 Sappho

356 2767 482 2842 Explicit:
493 2788 523 2819 ex
535 2786 616 2840 greco
630 2767 757 2845 transtulit
767 2767 884 2819 Ovidius.

201 2939 217 2968 α
234 2914 372 2974 Omnium
389 2912 564 2987 editionum,
580 2909 727 2993 inquibus
744 2908 875 2971 Tibullus
888 2929 1019 2971 seorsum
1032 2931 1049 2969 a
1064 2910 1180 2972 Catullo
1195 2925 1226 2974 et

158 3010 310 3088 Propertio
327 3011 451 3088 prodiit,
464 3024 601 3093 quatenus
617 3009 748 3092 equidem
769 3020 894 3087 constat,
910 3009 972 3071 lraec
987 3009 1076 3088 prims
1090 3010 1222 3085 videtur,

156 3113 309 3190 cademque
323 3132 441 3170 summae
454 3113 593 3186 raritatis,
611 3132 702 3194 neque
715 3107 835 3172 minoris
852 3110 1071 3193 pulchritudinis
1089 3123 1141 3170 est.
1157 3114 1222 3172 De-

158 3222 226 3273 sunt
241 3210 272 3269 in
282 3230 313 3271 ea
326 3210 458 3283 numeri,
474 3212 625 3293 signaturae
640 3224 669 3270 et
681 3210 835 3272 custodes:
850 3209 960 3293 paginae
969 3210 1089 3297 singulte
1100 3212 1222 3273 carmina

157 3323 279 3394 quatuor
295 3323 324 3370 et
340 3308 443 3391 viginti
460 3309 660 3386 utplurimum
675 3312 836 3373 continent.
861 3311 1011 3372 Charaetcr
1027 3313 1174 3373 Romanus
1190 3336 1222 3374 nc

156 3410 322 3492 perelegans
336 3420 392 3484 cst,
408 3408 545 3488 planeque
561 3408 655 3482 idem,
674 3432 732 3490 quo
749 3411 911 3473 Florentius
924 3412 958 3471 de
972 3409 1129 3488 Argentinu
1144 3415 1223 3474 Ora-

156 3512 266 3572 tionem
280 3507 381 3570 Jacobi
395 3508 519 3568 Romani
531 3529 584 3584 pro
601 3507 709 3585 populo
724 3508 865 3571 Brixiensi
879 3511 915 3570 ad
927 3510 1081 3573 Nicolaum
1090 3513 1221 3574 Tronum

157 3612 270 3671 Ducem
292 3609 474 3669 veneciarum
496 3630 541 3667 an.
567 3605 668 3691 1472,
688 3607 852 3690 impressit,
873 3632 904 3670 ac
921 3611 1001 3671 Sexti
1021 3633 1137 3694 quoque
1153 3612 1221 3672 Rufi

158 3711 333 3773 Breviorium
347 3709 484 3770 llistorire
498 3709 658 3785 Romanas,
681 3709 803 3769 Joannis
816 3710 851 3771 de
867 3712 1038 3771 Sncmlusm
1052 3713 1219 3791 Splraeram,

158 3810 314 3893 Augustini
334 3809 401 3869 Dari
416 3809 607 3893 Elegantiolas
625 3809 720 3868 Latini
737 3811 884 3873 Sermonis
900 3823 930 3871 et
943 3812 1079 3874 Ovidium
1095 3811 1130 3871 de
1147 3813 1221 3873 Arte

188 4012 198 4043 ¹
214 4005 373 4061 llusehlium
385 4005 428 4059 hic
440 4007 472 4059 ed
484 4006 588 4057 verbum
599 4009 649 4058 lere
657 4006 748 4072 secuti,
762 4006 904 4078 lleynium,
919 4006 988 4076 quod
999 4006 1031 4059 ed
1041 4006 1127 4060 saeculi
1141 4007 1219 4059 XVll

152 4092 278 4151 editiones
288 4092 407 4165 pertinet,
419 4091 535 4144 comitem
547 4091 614 4142 nacti
623 4111 721 4157 sumus3
734 4105 757 4143 et
770 4090 815 4143 ubi
827 4091 877 4162 ipse
888 4090 1004 4161 lleynius
1014 4112 1060 4144 nos
1073 4090 1217 4161 dereliquit,

153 4178 262 4254 propriis
271 4176 367 4234 viribus
378 4174 468 4231 confisi
478 4213 485 4244 ,
497 4175 530 4229 td
541 4176 606 4231 haue
618 4196 696 4245 usquc
710 4177 778 4229 diem
792 4173 932 4249 catalogum
942 4176 1112 4251 perduximus.

4 4478 122 4694 Κ
