2834 4996
348 454 612 523 CODlClBUS
640 453 700 516 ET
721 453 1048 517 EDlTlONlBUS.
1117 474 1124 501 ι·
1171 476 1227 523 m

164 618 200 657 es
215 593 347 656 extremis
370 589 401 651 in
419 587 574 668 principia,
591 609 626 649 ex
640 585 685 646 his
707 584 738 644 in
756 583 897 658 medium,
910 607 943 647 ex
956 583 1015 647 hoe
1027 582 1061 645 in
1073 592 1229 668 utrumque

163 693 259 754 locum
273 689 322 750 alii
336 700 366 747 et
380 685 429 747 alii
443 684 553 767 disjecti
571 683 645 757 sint,
666 695 696 744 et
712 683 825 765 quidem
839 683 896 756 ita,
913 696 966 757 ut,
983 680 1080 768 qnod,
1093 682 1154 744 uisi'
1165 683 1228 747 data

161 811 262 868 operi,
276 802 307 851 et
316 808 417 869 magna
431 805 495 846 cnm
509 796 588 856 arte,
604 782 665 842 lieri
678 782 725 844 vix
737 781 896 858 potuisset,
909 779 1023 845 se‘s'tiin
1039 780 1228 865 quamcun-

163 910 221 968 que
231 885 416 947 constituant.
427 885 495 943 Hoc
509 878 534 940 si
547 878 663 942 credere
679 878 829 952 debemus,
842 897 903 938 nun
913 878 970 959 jam
981 876 1062 965 plura
1071 877 1107 939 de
1117 890 1230 940 atomo-

134 962 139 969 ,
163 1006 227 1044 rum
243 982 364 1045 fortuito
378 1001 524 1042 concursu
542 998 607 1038 cuni
619 977 737 1055 Epicuri
750 975 895 1055 discipulis
912 976 1055 1060 disputare
1067 974 1142 1036 licet.
1157 978 1229 1038 Non

163 1104 232 1143 vero
244 1093 357 1142 tantuin
379 1079 489 1140 ratione
512 1075 678 1137 destituitur
697 1075 728 1136 id
747 1075 917 1149 consilium,
945 1074 1093 1136 sedetiam
1112 1077 1228 1153 pericu·

164 1179 255 1241 losum
269 1191 314 1241 est
326 1190 357 1238 et
368 1177 437 1239 aleae
448 1177 574 1258 plenum·
591 1176 666 1236 Nam
681 1174 804 1253 primum
814 1173 845 1236 in
858 1184 934 1234 tanta
945 1171 1144 1256 ingeniorum,
1154 1195 1226 1237 sen-

164 1300 244 1337 suum
262 1298 295 1337 ac
309 1275 483 1359 judiciorum
496 1275 657 1337 diversitate
672 1273 866 1355 unusquisqne
877 1273 933 1333 alio
947 1271 1061 1354 alioque
1072 1271 1160 1333 modo
1180 1273 1228 1332 has

163 1373 398 1451 transpositiones
405 1373 542 1446 institnit,
551 1372 610 1454 pari
618 1372 781 1453 tamenjure
789 1368 1138 1451 quumsemelexarhitiio
1146 1389 1229 1452 agere

164 1482 287 1551 caeptum
307 1472 364 1534 sit:
389 1483 453 1533 tuiis
471 1471 496 1531 si
511 1469 598 1532 semel
621 1470 693 1530 illud
713 1469 793 1551 sequi
815 1468 952 1553 emperie,
963 1468 1040 1533 inus
1049 1490 1132 1553 ¹ipsius
1156 1469 1227 1531 lines
1241 1480 1243 1485 ⁴

163 1574 376 1636 consistendum
390 1573 447 1646 sit,
460 1592 610 1652 quousque
626 1569 761 1652 progredi
775 1566 873 1643 liceat,
884 1566 917 1629 iu
928 1566 991 1631 aliis
1005 1579 1123 1651 quoqne
1135 1569 1227 1649 scrip·

161 1674 290 1749 toribus,
306 1672 354 1737 vix
364 1669 475 1732 definiri
489 1681 602 1752 potest,
619 1682 649 1730 et
660 1668 788 1739 nullum,
806 1662 1127 1761 impiimiseleg'u'tnm
1145 1670 1226 1751 qnod

162 1775 281 1858 singulis
295 1772 355 1834 lere
368 1770 494 1832 distichis
504 1770 672 1828 seutentiam
683 1766 806 1851 clandit,
819 1786 931 1828 eirmeii
943 1765 1016 1842 erit,
1027 1765 1131 1849 inquo
1146 1791 1223 1842 non,

162 1871 312 1947 discerptis
323 1882 354 1932 et
368 1867 405 1930 ad
420 1879 525 1928 certam
538 1866 677 1926 rationem
692 1863 860 1939 compositis
872 1862 1021 1939 reith,
1030 1886 1146 1927 sensim
1159 1868 1226 1928 satis

162 1969 344 2034 commodum
355 1969 466 2030 efficere
477 1988 523 2028 nse
532 1965 604 2031 velle
618 1964 706 2025 ausim
722 1962 858 2039 recipere.
870 1964 938 2023 Ηοε
950 1975 1045 2025 tamen
1060 1965 1225 2028 institutum

161 2067 315 2152 probavere
327 2065 528 2128 Bcouihusiiis
543 2076 573 2124 et
588 2063 634 2125 alii
648 2076 667 2122 ¹.
684 2060 741 2124 Sed
757 2060 812 2120 viri
828 2060 907 2121 docti
919 2062 1035 2143 genium
1048 2063 1146 2148 elegias
1162 2086 1223 2126 non

160 2167 226 2228 satis
237 2179 417 2249 perspectum
426 2163 574 2226 habehant.
586 2162 667 2237 Quid
678 2160 770 2234 enini,
786 2180 900 2240 queso,
917 2173 976 2234 est,
987 2162 1019 2220 in
1031 2183 1091 2243 quo
1104 2164 1224 2224 maxime

160 2266 206 2326 ilb
225 2260 371 2327 verutus?
383 2286 419 2325 an
434 2263 465 2323 in
480 2261 578 2322 subtili
597 2260 689 2342 aliqua
709 2272 739 2320 et
756 2259 791 2319 ad
811 2258 967 2321 dialectices
984 2260 1094 2346 regulas
1110 2276 1220 2335 exacta,

46 2376 51 2386 ‘
161 2385 255 2427 severa
270 2376 300 2424 et
311 2362 411 2425 acerba
425 2381 521 2422 rerum
535 2359 581 2422 vel
595 2356 799 2421 sententiarum
818 2359 962 2440 positione
982 2373 1011 2421 et
1023 2363 1222 2426 enarratione?

159 2484 197 2522 an
208 2461 238 2522 in
252 2482 307 2533 eo,
323 2471 372 2533 ut,
386 2481 452 2541 quse
472 2457 602 2540 diligenti
623 2456 850 2520 consideratione
867 2471 897 2520 ct
914 2460 1005 2521 multo
1025 2462 1133 2543 judicio
1150 2485 1220 2526 exe-

160 2560 251 2642 geris,
266 2558 395 2642 diligenti
415 2569 446 2620 et
465 2557 596 2639 uestigata
611 2555 739 2619 oratione
758 2560 904 2639 exponas?
923 2562 1015 2620 lmmo
1030 2583 1100 2624 vero
1115 2563 1145 2621 in
1164 2563 1220 2625 hoc

158 2659 221 2739 ejus
236 2656 380 2740 ingenium
395 2667 425 2716 et
441 2667 540 2716 natura
556 2655 735 2728 continetur,
752 2668 786 2715 ut
800 2656 887 2716 animi
902 2659 1040 2718 commoti
1055 2681 1087 2720 ac
1101 2674 1218 2741 pertur-

157 2752 217 2814 hati
230 2774 328 2814 seusus
343 2764 374 2813 et
385 2750 549 2813 affectiones
564 2773 614 2812 seu
627 2751 773 2813 molliores
787 2774 838 2813 seu
852 2776 886 2814 ex
897 2756 1026 2837 graviore
1040 2755 1149 2836 inipetu
1162 2761 1216 2839 jam

158 2851 289 2912 remissas
303 2849 516 2912 etsuhsidentes
532 2851 699 2933 exprimat&
714 2853 750 2910 In
764 2852 820 2914 hoc
835 2866 949 2934 regnati
965 2854 997 2910 in
1012 2852 1068 2913 hoc
1084 2865 1144 2916 tots
1158 2869 1216 2931 est;

159 2950 220 3010 hoc
234 2949 405 3028 praecipuum
416 2961 612 3033 argumentum
625 2950 678 3010 sihi
692 2952 867 3012 tractandum
880 2952 983 3025 sumit,
1000 2973 1093 3035 neque
1108 2967 1215 3021 temere

158 3045 193 3107 ad
200 3044 253 3105 alia
263 3045 373 3109 avoeiri
382 3046 477 3111 debet.
493 3049 589 3122 Quare
601 3047 690 3108 illud?
710 3048 793 3130 quia,
808 3047 1000 3132 cumsingulis
1011 3049 1141 3115 distichis
1151 3077 1214 3116 seii-

159 3151 247 3212 tentia
261 3151 384 3227 liniatur,
401 3173 463 3213 uon
475 3152 529 3214 nisi
543 3154 661 3237 singulm
674 3167 703 3213 et
715 3177 730 3214 a
744 3176 774 3215 se
786 3154 907 3217 invicem
918 3159 1054 3239 sejunctae
1065 3163 1213 3225 sententiae

158 3249 190 3309 in
203 3269 236 3308 es
251 3249 320 3330 poni
335 3261 465 3330 possum.
480 3252 552 3313 Hoec
563 3264 622 3324 est,
639 3251 663 3310 si
679 3253 739 3333 ejus
751 3250 876 3313 indolem
891 3267 966 3315 recte
978 3255 1136 3336 perspicio,
1150 3282 1214 3323 vera
1312 3284 1318 3290 ’

158 3368 268 3420 mussa,
280 3370 330 3408 cur
342 3347 467 3410 motibus
479 3350 563 3410 animi
573 3351 760 3432 exprimendis
771 3353 854 3414 unice
862 3352 997 3415 destinata
1007 3354 1054 3415 sit.
1071 3356 1125 3414 Uti
1136 3359 1213 3438 prin·

157 3444 235 3526 cipio
250 3444 341 3507 luctui
351 3458 381 3508 et
394 3446 519 3509 tristitie
529 3448 697 3512 inserviebat
705 3448 727 3527 ³,
736 3451 775 3513 ita
789 3472 921 3513 successu
931 3455 1067 3535 temporis
1078 3454 1213 3519 inaniore

190 3656 200 3685 ¹
217 3653 270 3706 Sed
281 3655 333 3727 jem
344 3656 409 3711 illud
418 3659 577 3733 reprehendit
587 3674 676 3734 prester
687 3661 809 3735 Vulpinm
822 3666 999 3737 Ayrmanuns,
1012 3666 1035 3736 S
1046 3667 1090 3737 69,
1104 3667 1126 3737 S.
1136 3689 1174 3737 7¹·

191 3781 203 3812 ²
215 3780 290 3835 [tesia
300 3782 416 3840 Botteou
427 3787 454 3840 iia
462 3790 523 3841 Arte
534 3809 579 3842 sna
590 3808 596 3841 :

399 3897 856 3961 iisaisqasiemsmipasieannuum.

188 4010 341 4087 'Piirtrips'o
352 4018 419 4085 diii,
427 4020 560 4073 Horatium
571 4035 688 4092 sequutus
701 4035 761 4074 uoto
772 4022 828 4076 loco
838 4023 892 4077 Art.
901 4024 932 4094 75
942 4044 993 4096 ιφ,
1008 4044 1061 4078 nou
1069 4028 1140 4098 qussi
1153 4029 1218 4101 elegi

155 4098 264 4152 omnino
283 4120 299 4152 a
310 4103 471 4173 querimonia
485 4106 667 4179 processerint:
681 4106 808 4177 antiquior
819 4127 907 4162 eurum
924 4129 984 4164 usus
997 4112 1044 4163 fuit
1056 4112 1084 4164 in
1103 4112 1218 4164 hrsvihus

150 4183 284 4237 senoentiis
289 4183 376 4242 ethicis
388 4224 397 4251 ‚
409 4187 509 4257 gnomis
516 4200 541 4241 et
549 4190 675 4260 preceptis
687 4190 753 4245 ritas·
763 4191 836 4245 Tales
845 4192 914 4246 suere
921 4192 987 4264 elegi
994 4192 1159 4264 Theognidis,
1170 4196 1184 4246 S
1189 4214 1218 4245 o·

1012 4305 1029 4359 Is
