2806 5002
164 344 209 477 xvi
431 394 683 459 PRAEFATIO
712 392 952 460 Emrottts.

585 604 802 660 structus

627 728 634 755 ‚
706 726 710 735 .

210 772 262 850 Ne
278 776 422 851 animum
441 774 664 876 despondeas,
682 802 817 875 precor,
835 774 946 851 amice.
967 774 1059 850 Licet
1077 778 1163 852 enim
1177 778 1221 853 itt

164 890 329 981 homines,
349 920 433 993 qnos
447 890 642 977 nominasti,
663 906 697 965 te
714 889 750 963 in
764 890 922 993 ‘omnibus
936 889 1035 987 longe
1050 911 1210 992 praestent

165 1027 244 1083 sunt
261 1026 368 1082 tamen
383 1007 531 1108 quaedam
546 1009 582 1079 in
600 1005 722 1105 quibus
738 1033 801 1081 nos
819 1006 973 1098 adjuvare
988 1009 1108 1107 possis.
1123 1009 1220 1104 Quot¹

164 1122 207 1195 ad
216 1120 373 1194 lectiones
385 1120 518 1207 attinet,
530 1120 596 1192 lata
605 1118 709 1192 invisa
722 1146 774 1199 me
783 1117 874 1220 loqui
886 1137 996 1193 vetant
1006 1150 1015 1206 3
1026 1149 1156 1197 neccsse
1166 1122 1220 1195 eri

164 1235 281 1333 igitur,
300 1233 442 1337 optimas
457 1261 496 1306 er
512 1231 593 1320 illis,
608 1258 691 1333 quas
706 1232 850 1308 offerunt
861 1233 956 1322 libri,
970 1233 1088 1333 religas
1103 1262 1110 1303 :
1125 1237 1220 1310 facili:

169 1368 202 1424 et
215 1349 294 1423 felix
312 1349 374 1422 erit
389 1348 503 1436 labor,
522 1350 600 1423 dum
614 1348 831 1448 simpliciores
845 1348 1033 1449 amplexus,
1050 1368 1087 1425 tn
1099 1358 1220 1426 sensuri

167 1491 297 1563 semper
317 1461 374 1562 qui
392 1461 428 1534 in
445 1478 603 1562 promptu
629 1462 712 1548 erit,
735 1463 900 1562 sequaris,
925 1480 958 1537 et
983 1455 1106 1565 peritas
1130 1481 1219 1563 atqm

167 1578 267 1675 longe
276 1578 397 1678 petitas
408 1577 565 1652 lectiones
574 1577 704 1651 latitare
714 1577 814 1652 sinas.
826 1578 1006 1675 Elegantia
1015 1578 1066 1653 vel
1076 1578 1219 1680 exquisit

169 1724 286 1772 sensus
298 1695 398 1770 nimia
410 1694 610 1769 consectatio
620 1693 815 1796 plerumque
828 1695 1025 1795 interpretes
1040 1695 1185 1796 decepit,
1200 1722 1219 1769 e

168 1841 272 1889 avem
282 1812 446 1912 scriptura
457 1811 615 1884 avocavit.
635 1810 736 1899 Mihi,
750 1811 1047 1912 pariterqoeDelia
1059 1814 1219 1887 etNemee

169 1925 327 2012 concede,
341 1942 377 1997 nt
390 1925 500 2024 quiete
510 1922 709 1997 carminibus
719 1923 784 1996 srni
798 1916 977 2027 possimus;
989 1925 1219 2026 neqneLygda'

169 2072 260 2118 mum
267 2042 430 2139 excogita,
440 2042 491 2116 cui
502 2069 651 2137 magnam
661 2068 773 2115 eorum
780 2059 906 2143 partem
913 2040 1094 2128 condones,
1108 2044 1220 2141 quippi

170 2160 228 2260 qui
241 2159 427 2258 Lygdamus
441 2157 514 2255 ipse
529 2156 660 2243 fuerim,
679 2155 755 2229 licet
768 2173 825 2228 tuo
841 2155 961 2251 Vossio
975 2155 1029 2227 itia
1044 2171 1220 2254 ruotpertus

168 2274 222 2347 De
235 2275 349 2347 Neaera
360 2299 493 2372 quoqne
510 2290 594 2358 tace,
614 2273 703 2372 quod
720 2272 968 2373 supposititium
983 2299 1123 2359 nomen,
1139 2300 1220 2371 asqn

169 2418 209 2463 ac
220 2387 305 2462 illud
323 2384 483 2488 Glycera,
503 2387 627 2460 multos
642 2384 774 2473 fefellit3
789 2386 912 2487 quibus
925 2414 987 2489 pro
1003 2415 1100 2486 prena
1114 2386 1174 2475 sit,
1196 2416 1220 2461 u

172 2506 268 2580 etiam
280 2503 408 2591 nullas,
428 2504 492 2577 nisi
506 2531 578 2604 quac
593 2505 725 2577 nomine
744 2522 871 2577 tantum
891 2502 1091 2591 exstiterint,
1111 2502 1145 2576 in
1164 2531 1220 2576 am

172 2619 326 2723 plexibus
339 2617 494 2695 habeant.
510 2622 630 2705 Utere,
648 2648 775 2720 quaeso,
795 2637 887 2693 utere
899 2621 1073 2695 doctorum
1085 2619 1220 2692 lncubra

172 2732 340 2823 tionibus,
353 2734 438 2808 utin
454 2733 695 2807 commentariis
712 2732 905 2835 plerumque
920 2734 1081 2829 Husehlrii
1092 2733 1221 2828 vestigii

172 2851 323 2937 insistas,
349 2868 382 2925 et
398 2852 441 2924 fl.
464 2850 621 2924 Vossium
636 2849 800 2950 praecipue
816 2848 968 2945 refugias.
993 2849 1058 2922 llic
1077 2849 1179 2934 enim,
1201 2876 1220 2921 e

175 2962 856 3066 quomefelicitergermaniceloquijussit,
868 2963 1220 3039 societatemcarminur

175 3108 302 3154 mecum
311 3079 423 3152 iniisse
434 3097 542 3165 ratus,
553 3097 586 3154 ct
596 3079 806 3175 germanicis,
821 3107 893 3179 quae
906 3078 977 3179 ipse
990 3078 1157 3166 condidit,
1172 3108 1220 3151 no

177 3195 332 3282 satiatus,
352 3195 448 3268 etiam
463 3195 500 3267 in
516 3195 627 3268 latinis
641 3197 722 3268 meis
736 3194 981 3296 portiunculam
998 3196 1061 3269 sibi
1076 3196 1220 3297 qnaesivit

178 3313 224 3384 ita
237 3328 275 3383 ut
286 3336 388 3411 saepe,
407 3309 441 3380 in
453 3336 521 3382 nno
534 3337 573 3382 ac
587 3309 700 3382 codem
714 3338 827 3397 versu,
843 3311 1040 3385 vocabulum
1050 3312 1107 3385 ille
1119 3311 1220 3386 locare

179 3426 315 3500 omnino
331 3454 443 3514 snum,
465 3424 545 3498 mihi
562 3452 640 3499 vero
658 3442 771 3499 caetera
787 3425 1003 3527 relinqueret3
1028 3445 1065 3500 ut
1079 3428 1149 3500 avis
1163 3426 1220 3500 illa

181 3570 253 3643 quac
265 3570 324 3614 ova
338 3541 374 3613 in
384 3539 491 3614 alieno
499 3541 579 3614 nido
589 3540 694 3640 ponit.
711 3543 831 3614 Restat
841 3540 965 3628 adbuc,
977 3560 1014 3616 ut
1029 3542 1147 3616 devita
1161 3569 1221 3642 pra

182 3654 299 3754 cipiam
315 3686 323 3728 :
340 3654 443 3727 multa
458 3654 747 3741 circumferuntur,
764 3683 866 3757 eaque
879 3656 1093 3755 perabsurda.
1117 3653 1180 3727 Hic
1192 3680 1221 3726 m

181 3771 309 3845 adsiduo
318 3774 384 3872 igne
397 3771 568 3871 probibet,
582 3770 637 3845 ille
646 3771 727 3845 mibi
738 3771 958 3848 nobilioribus
969 3773 1053 3846 vinis
1064 3769 1222 3845 interdicit

182 3888 260 3962 buic
271 3886 297 3960 si
308 3888 475 3974 accredas,
488 3916 529 3959 ne
540 3905 631 3960 torus
644 3888 775 3987 quidem
786 3906 971 3987 supererat3
984 3887 1033 3962 illi
1048 3883 1222 3961 etiamDeli

185 4002 270 4078 stola
287 4002 481 4076 denudanda
497 4003 639 4090 videtur,
660 4032 771 4102 quam,
797 4002 962 4099 intelligo,
982 4002 1134 4077 lubenter
1155 4016 1223 4077 vest

186 4136 326 4194 exueret.
348 4119 445 4195 Certe
463 4118 489 4192 si
507 4118 604 4192 nobis
622 4148 681 4218 per
693 4120 832 4195 mediam
845 4118 959 4193 silvam
974 4119 1037 4193 iter
1048 4114 1224 4194 facientibu
