2806 5002
183 415 222 479 liv
522 408 525 413 ’
574 409 634 469 DE
666 404 865 469 TIBIILLI

184 567 296 610 sueram
311 566 356 604 me
369 544 492 602 tenuisse
507 540 590 600 diem
599 542 693 613 Haec,
712 539 818 617 credo,
832 537 976 599 sufficient
993 536 1028 598 atl
1047 535 1255 600 confutandum

184 644 290 730 Reynii
304 664 450 716 errorem,
466 642 588 703 fortasse
598 641 681 702 etiarn
698 640 825 713 Hanni,
843 638 894 720 qni
910 639 942 698 in
957 639 1101 715 prooemio
1115 636 1259 699 Silvarum

183 746 266 809 Statii
274 789 284 821 ,
292 769 322 828 p.
333 761 396 806 xxx
407 787 416 816 ‚
428 762 464 819 ne
477 741 617 803 desiderat
629 740 742 822 quidem
751 759 924 824 magnopere
933 738 1089 800 ed.Venet.
1101 759 1148 797 an.
1162 735 1257 822 1475,

183 868 272 927 quum
288 867 323 906 ex
344 842 497 905 collatione
519 840 625 902 Catulli
641 884 650 914 ‚
673 862 756 921 quam
772 839 878 913 habet,
894 838 1102 922 cognovisset,
1125 836 1259 917 eamsere

181 957 269 1008 totam
284 965 348 1007 cum
361 945 471 1006 Veneta
486 941 575 1023 prima
591 940 755 1003 convenire.

325 1145 384 1216 Vl.
410 1139 521 1214 Editio
538 1140 703 1226 Romano,
729 1166 784 1213 an.
811 1138 918 1240 1475,
936 1138 1032 1232 ιιι-40
1049 1138 1130 1213 min.

305 1316 400 1377 Αιιιι
416 1317 553 1377 Tsmsn
568 1314 694 1399 Elegiae.

225 1445 262 1504 ln
276 1442 335 1504 fine
351 1464 359 1499 ε

222 1582 344 1642 Preseus
362 1600 434 1660 opus
451 1575 561 1638 Tibulli
573 1574 656 1639 alhiei
670 1575 795 1659 imprimi
808 1576 875 1639 lecit
889 1575 929 1637 G.
944 1574 1097 1639 Tibullus¹
1111 1576 1171 1653 ‚tle
1181 1578 1257 1642 ami·

182 1682 261 1744 (lanis
292 1680 326 1741 tle
351 1678 494 1741 Cremona
516 1678 610 1739 Rome
635 1676 723 1739 Anno
752 1678 854 1741 Iubilei
881 1690 911 1738 et
940 1700 962 1743 a,
982 1675 1129 1740 natiuitate
1147 1678 1256 1745 (lomi.

183 1780 458 1856 mcccclxxv,
482 1778 527 1841 (lie
544 1778 676 1841 mercurii
692 1780 818 1853 XVIII,
840 1778 944 1842 mensis
962 1779 1028 1840 iulii
1049 1780 1177 1844 Setleute
1193 1784 1254 1847 cle-

182 1880 359 1945 mentissimo
377 1880 459 1941 Sixto
474 1899 544 1961 papa
557 1880 670 1953 Quarto
687 1876 778 1939 Anno
794 1879 855 1959 ejus
868 1877 945 1938 felici
959 1878 1084 1955 Quarto.

223 2009 347 2072 Accedit
362 2033 370 2069 ε

225 2118 319 2177 Annii
331 2117 465 2176 Tutum
485 2113 551 2172 Vita
562 2135 628 2174 cum
638 2112 854 2174 Commentario
868 2113 901 2174 in
914 2112 1043 2196 ejusdem
1055 2113 1171 2201 Eleg‘m
1183 2118 1250 2181 'auo

183 2237 247 2286 tore
264 2219 442 2283 Bernardino
458 2218 584 2280 Cillenio
600 2219 771 2280 Veronensi.

222 2322 333 2393 Prosit,
355 2319 439 2381 etiam
450 2318 479 2378 in
494 2317 560 2379 edd.
575 2318 689 2380 Venett.
705 2340 770 2379 eum
785 2330 949 2381 commento
962 2317 1108 2403 Cyllenii,
1127 2321 1248 2383 auctorit

183 2422 271 2504 elegia
293 2420 329 2481 ad
348 2418 504 2500 Baptistam
520 2417 659 2478 Ursinum
676 2417 767 2478 aerarii
785 2418 933 2481 Pontifioii
948 2419 1099 2482 custodem
1112 2431 1144 2481 et
1166 2417 1247 2482 Ueli

183 2521 325 2607 gymnasii
341 2521 545 2581 ricerectorem
559 2518 630 2579 bene
647 2518 790 2581 meritum.
813 2521 848 2579 ln
864 2520 921 2583 fine
937 2520 1133 2584 commentarii
1148 2520 1246 2583 eatle·

182 2624 284 2697 verba,
302 2644 367 2704 quae
382 2619 501 2681 Tibullo
517 2617 643 2701 subjecta
658 2629 746 2692 sunt,
765 2630 956 2701 repetuntur,
974 2619 1029 2681 nisi
1048 2619 1148 2702 quoti,
1172 2621 1245 2683 stra

182 2744 252 2805 papa
274 2723 387 2796 Quarto
404 2717 496 2780 Anno
511 2720 573 2799 ejus
589 2714 665 2777 felici
683 2719 796 2792 Qutto‚
813 2718 938 2801 legitur,
961 2719 1055 2781 miuus
1073 2730 1170 2796 reete,
1187 2742 1244 2783 mo

182 2837 270 2887 neate
285 2823 421 2907 lleynio‚
444 2820 493 2904 qui
510 2820 584 2882 hanc
600 2820 759 2882 editionem
770 2820 878 2902 primus
889 2822 1018 2883 omnium
1027 2833 1058 2882 et
1067 2822 1163 2883 adhue
1176 2823 1243 2886 sola

181 2925 374 3000 comparavit,
392 2921 519 2984 scribens
532 2921 571 2981 ita
585 2943 592 2978 ε
619 2948 634 2973 s
647 2920 729 2981 Nulli
740 2920 831 2981 adhuc
848 2922 1028 3002 superiorum
1042 2920 1188 2982 editorum
1201 2918 1242 2983 Τί

182 3020 252 3081 balli
268 3063 277 3092 ‚
295 3042 349 3080 nee
365 3021 420 3097 ipsi
436 3020 581 3080 Maittario
592 3031 625 3094 ²,
650 3019 712 3080 haee
729 3017 818 3078 editio
834 3017 995 3080 innotuisse
1014 3019 1137 3080 vitietur.
1161 3016 1242 3081 Nobi

181 3140 242 3179 eam
251 3118 347 3179 ridere
360 3119 483 3199 contigit
497 3119 527 3178 in
539 3118 711 3181 bibliotheca
721 3117 878 3180 Dresdensi
887 3117 1042 3180 electorali.
1057 3119 1161 3179 Exstat
1170 3117 1241 3179 etian

219 3290 307 3342 'Erat
324 3289 351 3341 id
370 3307 466 3341 nomen
485 3289 530 3341 ilio
547 3303 658 3362 tempore
675 3310 727 3344 non
744 3291 900 3363 infrequens.
920 3291 995 3366 llpud
1016 3289 1165 3344 lloutelale.
1185 3289 1239 3343 Bib'

183 3372 263 3425 MSS.
278 3394 303 3446 p.
320 3373 378 3439 106,
393 3373 459 3424 inter
470 3371 620 3438 Vatieauos,
636 3393 662 3425 n.
677 3377 754 3444 2794,
769 3377 912 3430 referuntur
923 3375 1034 3449 epistolae
1047 3388 1096 3427 tres
1109 3374 1209 3427 Tibulli
1225 3393 1237 3427 t

184 3458 216 3511 atl
229 3460 270 3510 Jo.
288 3458 509 3524 llveuionensem,
527 3477 559 3522 a,
573 3458 605 3510 ad
621 3457 667 3510 Ge.
683 3459 892 3532 Trapeauutium‚
906 3461 938 3528 3,
953 3460 985 3512 ad
998 3459 1150 3529 l’orcellum.
1166 3460 1238 3513 Hm

183 3542 237 3594 Alii
247 3542 390 3616 Georgium
404 3543 536 3595 Tibullum
550 3564 563 3595 e
576 3562 682 3595 numero
692 3543 908 3617 typographorum
921 3544 1096 3610 eximendum,
1112 3545 1186 3614 eique
1198 3543 1238 3597 sul

181 3628 337 3681 stituentlum
350 3648 401 3681 esse
413 3642 517 3681 censent
529 3629 669 3701 Georgium
677 3631 802 3681 lsauerum
815 3630 914 3696 (laur)
921 3629 1097 3695 Germanum,
1109 3628 1155 3700 qui
1165 3630 1238 3681 Romu

181 3711 242 3764 inde
254 3712 286 3764 al)
296 3732 336 3765 an.
352 3715 426 3782 1470,
439 3733 517 3782 usque
529 3714 561 3765 ad
573 3733 614 3765 an.
629 3713 707 3779 1481,
720 3726 798 3765 artem
811 3714 1016 3787 typographioam
1029 3712 1151 3778 exercuit,
1162 3712 1237 3767 iisdei

180 3796 232 3846 lere
245 3795 310 3869 typis
324 3816 396 3862 usus,
410 3796 502 3867 quibus
511 3816 640 3870 expressus
651 3811 687 3850 est
698 3798 824 3852 Tibullus.
836 3798 898 3850 Vid.
909 3799 1055 3851 Auslillretli
1063 3797 1144 3851 Catal.
1155 3798 1237 3853 lliato

182 3878 268 3932 Critic.
283 3880 391 3933 Roman.
404 3881 470 3933 Edu
483 3901 537 3934 saec.
553 3881 617 3950 XV,
631 3903 655 3955 p.
672 3883 731 3951 178,
746 3895 770 3933 at
783 3903 807 3954 p.
820 3882 876 3952 473.

214 3994 227 4023 ²
243 3992 384 4044 Maittarins
401 3991 496 4044 Annal.
511 3992 674 4065 Typograph.
688 4006 705 4044 t.
720 3994 751 4060 l,
766 4015 789 4066 p.
802 3993 833 4059 l,
846 4014 872 4065 p.
890 3994 956 4059 348,
975 3993 1190 4047 commentarium
1202 3995 1236 4048 sir

183 4088 251 4127 textu
265 4087 396 4126 memorat
413 4073 475 4126 Tale
491 4075 632 4148 exemplum
644 4088 721 4130 exstat
735 4077 809 4128 etiam
823 4077 910 4131 llomae
922 4077 951 4129 in
971 4077 1126 4133 bibliotheoe
1140 4076 1236 4133 Casani

184 4160 256 4212 tensi
270 4158 414 4213 Audittred.
426 4180 449 4231 p.
467 4160 521 4220 178.
