2834 4996
345 490 606 555 CODICIBUS
631 492 691 555 ΕΤ
716 492 1046 557 EDITIONIBUS.
1192 491 1240 554 lxr

336 653 412 733 xv.
437 655 546 731 nuru
563 634 749 759 muira,
770 687 823 732 an.
848 658 957 746 1500,
974 658 1077 747 inu,

214 823 306 884 hunss
319 827 453 885 Traunnr
472 826 749 910 Elegiographorum
766 824 888 904 optimi,
904 825 992 908 elegia
1008 825 1044 885 de
1058 823 1200 888 amoribus
1212 837 1242 886 et

251 923 382 985 laudibus
399 925 546 987 Messallae.
562 926 667 1008 Li'psioe
682 948 732 1004 per
747 924 888 987 Jacobum
902 925 1049 986 Thanner.

212 1055 257 1115 De
274 1055 328 1115 hac
344 1055 471 1117 editione
488 1055 529 1115 sic
546 1057 605 1138 agit
619 1057 796 1117 Huschkiua.

211 1154 311 1214 Exstat
326 1153 357 1213 in
371 1152 542 1214 bibliotheca
553 1153 727 1227 Dresdensi,
744 1154 794 1214 aed
810 1156 871 1216 sine
885 1154 953 1216 anni
964 1165 993 1214 et
1004 1154 1174 1239 typographi
1186 1154 1242 1216 nlla

178 1254 336 1327 mentione,
354 1275 438 1336 quam
452 1274 485 1314 ex
495 1253 638 1314 Maittario
651 1253 748 1332 (hpp.
754 1277 782 1332 p.
791 1251 869 1332 556)
880 1254 1019 1334 suppleri.
1036 1257 1123 1316 Nunc
1136 1255 1242 1318 Panaer

178 1376 285 1438 qnoque
299 1366 461 1427 memorat,
478 1366 550 1415 tom.
567 1354 599 1427 1,
616 1375 678 1437 pag.
694 1352 770 1438 497,
785 1377 814 1414 ιι.
829 1353 896 1439 249.
913 1355 1084 1416 Litterarum
1100 1356 1160 1442 typi
1175 1368 1243 1417 sunt

177 1456 349 1540 ueogothici.
364 1455 496 1517 Curatam
507 1475 568 1516 esee
582 1453 739 1516 editionem
751 1477 766 1516 a
778 1456 925 1540 Gregorio
939 1455 1095 1518 Conicensi
1106 1501 1116 1531 ‚
1128 1481 1162 1518 ex
1173 1458 1243 1519 Lei-

176 1552 466 1637 ehiihnualtypogr.
473 1552 551 1631 Lips.
559 1575 589 1630 p·
599 1550 638 1637 76
646 1552 742 1615 didici.
752 1553 1118 1616 Referundameameasead
1127 1555 1241 1618 classem

175 1655 282 1718 alteram
303 1675 336 1715 ex
353 1654 460 1715 Veneta
484 1655 560 1736 1475
577 1654 749 1730 deductam,
769 1657 825 1739 jam
848 1678 931 1735 supra
951 1656 1114 1741 significari.
1136 1660 1242 1720 Hm.

176 1755 337 1816 bectiouem
351 1755 437 1838 hujus
448 1754 587 1836 exempli,
600 1766 742 1815 enotatam
757 1753 791 1814 ab
803 1756 935 1840 Heynio‚
953 1756 1104 1841 diligenter
1119 1777 1149 1818 ae
1159 1779 1242 1820 com-

174 1873 277 1932 parasse
294 1875 360 1913 cam
372 1852 498 1914 editione
515 1852 584 1928 illa,
601 1875 684 1936 quam
702 1854 807 1932 Lipsiae
820 1877 836 1914 a
853 1854 983 1915 Conrado
998 1856 1173 1916 Kordelooen
1187 1877 1240 1916 ex-

175 1973 292 2033 pensam
309 1973 371 2013 esse
388 1964 481 2013 narrat
496 1955 654 2029 Panrerus,
668 1965 739 2015 tom.
751 1955 785 2031 1,
801 1978 830 2033 p.
846 1954 926 2039 499,
945 1978 973 2014 ιι.
990 1953 1066 2039 ι74,
1080 1953 1119 2016 ait
1127 1953 1240 2016 Censor

175 2049 253 2134 hujus
268 2051 366 2133 operis
381 2052 412 2111 in
428 2051 549 2129 Ephem.
565 2051 658 2113 Goth.
674 2074 720 2112 an.
740 2052 837 2136 1793,
855 2053 894 2131 pl.
912 2050 971 2126 ba,
987 2075 1015 2130 p.
1032 2050 1091 2126 Aba
1109 2053 1240 2136 idemque

174 2148 335 2225 confirmat,
365 2148 510 2209 Variantea
527 2147 675 2230 utriusque
691 2149 826 2212 editionis
847 2150 929 2228 plane
946 2163 976 2210 et
997 2149 1102 2231 ubique
1119 2149 1194 2209 inter
1210 2171 1240 2210 ae

174 2245 334 2306 convenire.
350 2245 459 2305 Habuit
474 2245 521 2305 ille
538 2245 568 2304 in
585 2245 713 2307 manibus
733 2247 809 2307 idem
826 2247 984 2329 exemplar,
1003 2245 1081 2328 quod
1099 2246 1240 2306 Panaerus

174 2347 283 2419 habuit,
301 2369 317 2407 e
336 2346 508 2408 bibliotheca
528 2347 737 2408 Neostadiensi.
759 2349 876 2430 Negat,
900 2367 1006 2409 nomen
1027 2345 1154 2407 Conradi
1172 2343 1240 2404 Ko-

174 2448 298 2507 clelooen
315 2446 390 2507 libro
406 2447 574 2524 impressum
589 2467 672 2520 esse,
689 2468 742 2507 nec
760 2446 868 2508 dubitat
882 2447 1091 2526 pronuntiare,
1113 2448 1240 2507 Neosta-

176 2544 432 2625 dienaeexemplum
444 2547 753 2608 eaoeThannerianum.
765 2550 854 2608 Nunc
864 2547 965 2621 video,
982 2548 1137 2607 Panzerum
1147 2545 1240 2623 ipsum

175 2645 201 2706 in
214 2647 282 2707 lnd.
292 2647 434 2730 Bibliogr·
447 2660 518 2709 tom.
532 2647 570 2719 V,
584 2670 613 2725 p.
625 2647 685 2720 428
699 2645 782 2709 verba
795 2673 809 2699 «ι
821 2646 944 2728 lipsio,
964 2647 1049 2706 Cnnr.
1061 2645 1211 2704 Kuchelov.
1222 2670 1238 2696 υ

173 2745 300 2804 uncinata
315 2745 474 2805 exhibuisse
490 2756 520 2806 et
535 2743 715 2826 adscripsisse
730 2787 739 2816 ‚
757 2745 825 2804 Sine
840 2745 901 2802 loco
916 2753 944 2802 et
958 2739 1043 2802 annu.
1065 2743 1145 2822 Ergo
1160 2743 1237 2817 ipse,

175 2841 253 2921 quod
265 2864 344 2919 supra
352 2855 504 2925 posuerat,
517 2842 658 2903 incertum
672 2842 796 2903 reddidit
806 2863 837 2902 ac
849 2852 1019 2919 suspectum.
1028 2838 1109 2912 Quid
1119 2859 1215 2898 censes
1227 2879 1236 2911 ‚

175 2936 350 2998 Harlesium?
368 2938 424 3001 llic
442 2939 535 3001 omnia
552 2939 731 3002 confundens
747 2938 786 2998 ita
801 2937 900 3000 scribit
914 2936 945 2996 in
961 2939 1048 2997 Brev.
1061 2934 1156 2996 Notit.
1173 2935 1238 2995 Lit-

174 3050 251 3099 terat.
266 3041 354 3101 llum.
370 3063 414 3101 an.
436 3041 529 3125 1789,
547 3065 575 3121 9.
589 3040 658 3103 aab.

211 3139 321 3201 rualli
334 3142 423 3224 elegia
436 3143 471 3202 de
482 3140 624 3203 amoribus
640 3153 670 3202 et
687 3141 816 3201 laudibus
826 3138 1133 3218 Messalae,Lipaiael‚
1150 3136 1237 3200 1500.

173 3275 209 3288 -
218 3242 286 3302 Aca.
300 3241 408 3301 Tibulli
415 3241 514 3324 elegiae
529 3243 594 3302 libri
604 3244 639 3328 ,ll
650 3285 659 3316 ‚
672 3240 705 3301 L.
714 3240 822 3303 Annoei
831 3243 945 3302 Seneca
955 3241 1026 3324 Biga
1038 3240 1237 3326 tragoediarum
1303 3287 1308 3309 .

174 3362 236 3400 tarra
253 3339 338 3399 Conr.
354 3339 449 3398 Celtis.
465 3337 503 3411 l,
521 3340 597 3400 circa
612 3339 698 3400 linem
715 3362 781 3400 saec.
797 3340 863 3401 XV.

209 3435 285 3510 llic,
301 3437 367 3496 satis
381 3449 516 3514 apparet,
534 3438 628 3514 primo
644 3437 712 3498 loco
728 3437 881 3521 significari
891 3436 1047 3498 editionem
1059 3433 1239 3495 Thanneria-

173 3556 252 3606 nam,
268 3556 323 3615 qua
339 3556 408 3595 usus
425 3546 469 3594 est
482 3535 623 3618 lleyniua·
645 3535 739 3610 Quale
753 3556 822 3601 vero
837 3534 959 3594 alterum
978 3552 1052 3613 opus
1070 3543 1136 3606 est,
1159 3531 1238 3612 quod

172 3633 297 3695 serundo
310 3635 377 3695 loco
387 3646 562 3695 memoratur
576 3657 584 3693 ι
600 3635 666 3696 Act.
680 3633 789 3694 Tibulli
800 3633 898 3716 elegiae
908 3632 972 3692 libri
984 3631 1042 3691 11?
1058 3633 1128 3707 Est,
1143 3628 1239 3711 inquit

173 3736 334 3809 lindesiam
352 3736 473 3814 (Suppl.
484 3749 556 3813 part.
567 3737 600 3809 l,
614 3759 642 3814 p.
653 3733 731 3812 350)
747 3735 950 3797 editiuTibulli
960 3755 1026 3794 cura
1036 3733 1119 3793 Conr.
1136 3730 1236 3806 Celtas,

172 3835 208 3895 de
223 3837 349 3917 qnaride
360 3837 500 3896 Schniaer
512 3835 580 3896 bibl.
596 3836 731 3898 Neostad.
747 3836 783 3896 ad
798 3835 939 3908 dissum,
956 3847 1029 3913 part.
1043 3836 1092 3906 11,
1108 3856 1171 3918 pag.
1187 3831 1237 3895 23.

170 3938 217 3996 Ae
231 3937 401 3999 Schnizerus
418 3935 531 4017 quidem
549 3957 580 3996 re
596 3958 662 3998 vera
677 3935 717 3995 ibi
731 3948 869 3997 memorat
887 3956 961 4017 opus
980 3934 1033 3996 aub
1050 3935 1107 3995 hoc
1126 3934 1235 3994 titulo:

171 4064 186 4088 a
198 4037 265 4098 Act.
277 4036 387 4096 Tibulli
399 4035 497 4118 elegiae
509 4035 574 4097 libri
588 4036 647 4097 duo
662 4059 669 4095 :
682 4037 755 4096 Luc.
772 4037 852 4098 Anu.
869 4040 987 4100 Senecae
1001 4036 1073 4121 Bigo
1084 4033 1237 4118 tragoedia-

167 4158 233 4195 rum
250 4156 320 4195 cnra
334 4134 464 4196 Conradi
483 4135 594 4196 Celtis:
612 4163 627 4188 n
645 4134 816 4216 videturque
835 4135 913 4196 inea
930 4134 1068 4212 opinione
1083 4131 1186 4202 luisse,
1206 4143 1239 4190 ut

166 4235 321 4309 erederet,
340 4247 490 4316 utramque
506 4234 666 4296 editionem
682 4246 807 4296 curatam
829 4255 891 4295 esse
914 4257 929 4294 a
947 4233 1010 4296 viro
1029 4233 1088 4293 hoc
1108 4229 1238 4293 celeber-
