2806 5002
171 452 234 535 eviij
378 450 668 515 enuntietur(
696 449 1015 515 ARGUMENTA.

167 585 327 663 pervenerit
343 597 376 646 ut
397 585 481 647 etiam
499 587 561 646 sine
576 584 658 647 Delia
671 584 766 647 visere
779 598 898 665 posset,
921 607 1004 668 quam
1019 586 1115 669 (eleg.
1134 604 1181 661 11,
1199 606 1241 658 v,

73 725 80 736 .
168 701 219 759 vl,
240 686 288 746 lib.
303 689 339 763 l)
358 685 475 757 denuo,
499 686 566 746 licet
581 698 713 772 nuptam,
733 685 764 745 in
782 686 889 747 deliciis
906 686 1023 762 babuit,
1038 708 1099 747 non
1117 687 1243 767 juvenili

167 783 281 864 quidem
297 794 329 847 et
342 795 419 863 p'nro
437 784 518 868 igni,
544 784 599 846 sed·
607 782 763 846 libidinoso
779 797 810 847 et
828 784 1055 863 laseiv03pnell2
1068 785 1126 867 jam
1140 786 1244 863 plnres

165 880 349 975 admittente:
364 882 416 940 iiio
428 882 540 963 qrrifflm
554 890 613 940 tom
629 883 719 941 multu
734 891 846 959 nega..
857 884 900 942 sic
913 885 999 942 etiam
1012 881 1091 941 dem
1100 893 1246 962 pernegat

167 1004 253 1064 usque
263 984 334 1045 viro.
351 984 434 1044 Hanc
446 980 564 1067 elegiam
576 1003 641 1043 cum
651 994 727 1043 sexte
740 983 848 1063 quintae
857 982 996 1066 praefigas.

375 1289 602 1396 LIBER
637 1290 1026 1416 QUARTUS.

562 1498 848 1527 ψ

255 1643 485 1718 CARMEN
509 1634 741 1717 PRIMUM
762 1644 817 1715 lN
843 1639 1151 1716 MESSALAM.

204 1817 336 1878 Primum
351 1829 467 1878 excusat
484 1816 650 1879 nemnem
669 1817 777 1903 ingenii
796 1816 849 1878 sni.
876 1818 949 1878 Inde
970 1817 1080 1879 landem
1095 1818 1244 1879 orditura

59 1938 65 1949 ·
163 1918 305 1980 virtutum
324 1918 550 2001 praedicatione,
573 1940 641 2001 ques
654 1918 686 1978 in
711 1930 865 1980 castrenses
882 1932 911 1980 et
931 1920 1059 1982 forenses
1082 1919 1241 2002 dispescit:

165 2018 662 2102 comparat'ldessalamcemUlysse;
672 2019 753 2100 cnjus
763 2020 910 2080 mentione
919 2019 1006 2095 taen,
1015 2021 1046 2080 in
1053 2039 1166 2082 errores
1177 2022 1240 2099 ejus

166 2129 306 2202 erugatur.
323 2120 562 2183 Commemoratis
573 2131 671 2201 postea
682 2118 812 2201 populis,
825 2143 859 2182 ex
875 2120 978 2203 quibus
987 2121 1151 2198 triumphos
1164 2119 1242 2180 babi-

164 2232 247 2281 tnrus
260 2233 335 2283 esset
349 2220 484 2294 Messala,
500 2219 600 2280 incidit
613 2230 698 2297 poen
713 2217 744 2279 in
761 2220 981 2302 descriptionem
996 2221 1074 2283 orbis
1088 2234 1241 2282 terrerum.

164 2321 299 2404 Denique
313 2320 457 2383 addictum
471 2319 599 2381 Messalae
616 2342 646 2381 se
660 2320 812 2398 profitetur
828 2322 858 2381 in
877 2334 1056 2404 perpetuum.
1082 2323 1115 2382 Si
1131 2345 1241 2404 quaeras

167 2442 226 2503 qno
237 2431 368 2500 tempore
378 2419 435 2481 boc
443 2439 554 2481 comen
563 2417 709 2500 scripserit
719 2419 867 2496 Tibullus,
878 2422 1075 2504 respondebo,
1084 2444 1241 2504 nunqumn.

506 2544 776 2675 ··llARMEN
810 2604 861 2673 ll.

209 2776 365 2859 Sulpiciam
372 2775 485 2848 laudnt,
496 2772 714 2852 pulcherrimam
725 2785 756 2834 et
764 2776 995 2857 jucundissimum
1007 2777 1145 2859 puellam,
1157 2803 1243 2860 quam

169 2877 328 2939 Cerintbus
344 2874 507 2960 deperibnt,
524 2883 625 2934 mutuo
640 2894 737 2935 amore
751 2872 859 2935 [ruens.
878 2877 999 2935 Martem
1013 2877 1135 2938 advocat
1146 2879 1242 2959 ipsum

168 2989 202 3036 ut
213 2975 290 3037 ibam
304 2978 400 3040 mirari
408 2977 501 3056 possit
509 2971 638 3036 latendo
652 2972 768 3032 Murtias
779 2971 814 3032 de
827 2994 907 3033 more
919 2975 1124 3050 celebrantem,
1142 2991 1241 3061 postet

168 3084 236 3137 vote
249 3075 369 3154 suscipit
383 3097 438 3155 pro
452 3075 536 3157 buius
548 3069 614 3135 festi
627 3070 704 3134 [elici
716 3071 819 3132 reditu.

541 3258 768 3334 GARMEN
804 3261 879 3333 lll.

205 3432 350 3512 'Queritnr
364 3433 508 3516 Sulpicia,
527 3432 644 3493 'l'ibulli¹
654 3444 687 3493 nt
700 3434 806 3515 opinor
820 3435 931 3508 verbis,
948 3434 988 3497 ob
1003 3435 1179 3497 cerinthum
1196 3458 1235 3500 ve

166 3534 278 3597 nationi
289 3533 434 3606 deditum
448 3533 526 3594 bone
536 3532 567 3593 in
577 3543 725 3612 posterum
736 3536 816 3616 sequi
828 3518 889 3596 v'nlt
898 3536 933 3596 nd
943 3557 1032 3597 casses
1042 3548 1072 3598 et
1082 3557 1136 3618 per
1146 3538 1234 3599 sitm

167 3635 277 3721 Elegiae
286 3656 351 3718 quae
360 3633 532 3696 Cerintbum
541 3632 735 3714 etSnlpiciam
746 3647 886 3717 spectant,
899 3648 969 3698 tune
976 3638 1116 3718 temporis
1127 3638 1233 3717 scripte

165 3736 318 3811 videntur,
329 3756 419 3818 quum
430 3734 565 3795 Tibullus
576 3755 673 3795 amore
686 3734 718 3794 in
729 3734 839 3797 Deliam
851 3736 1001 3811 liberatus,
1013 3737 1155 3799 Nemesin
1166 3761 1232 3803 non

172 3838 241 3899 dom
256 3848 387 3898 noverat

539 3936 771 4052 elenen
803 3946 867 4017 iv.

204 4107 337 4172 Tibullus
349 4105 410 4167 mis
424 4105 513 4187 ipsius
527 4104 621 4166 verbis
635 4128 721 4182 osne,
736 4107 865 4190 nullique
877 4109 1021 4170 sublatens
1031 4107 1102 4170 ficto
1113 4111 1229 4172 nomini

163 4209 308 4272 Pboebnm
316 4206 453 4278 advocet,
464 4217 498 4265 ut
507 4207 661 4287 segmenti
671 4207 775 4288 puelle
783 4209 915 4270 medicus·
920 4209 1044 4291 applicet
1056 4232 1162 4270 monus
1172 4233 1183 4269 .·
1194 4233 1227 4273 so

161 4311 235 4370 lator
251 4307 352 4371 deinde
368 4307 541 4368 Ceriutbum
559 4318 722 4368 amatorem.
1215 4304 1219 4313 “
