2834 4996
291 420 298 433 =
390 470 695 532 TESTIMONlA
717 471 775 531 ET
796 469 1004 530 JUDlClA.
1159 468 1231 551 xcrij
1258 515 1261 520 .

237 620 357 680 Jucrus
373 618 485 680 Cassan
507 622 681 691 scurrone,
702 619 845 690 Poetices,
865 608 929 676 Lib.
944 617 1008 690 VI,
1026 635 1088 695 cup.
1105 630 1163 674 vn.

207 745 328 806 Facilius
343 768 359 806 e
373 744 482 805 Tibulli
493 744 564 805 locis
577 742 755 821 expediemus
768 764 915 803 censuram
924 753 1061 804 nostram.
1072 739 1234 801 Uniformis

130 828 131 833 ἵ
172 852 215 914 ille
228 874 310 929 paene
327 864 406 913 totus
422 863 481 925 est,
501 849 603 932 virque
621 849 767 910 discedens
779 849 815 909 ab
830 871 859 910 se
875 849 938 926 ipso
955 847 1055 908 eodem
1068 868 1150 923 paene
1162 868 1233 930 gyro

172 958 361 1019 concluditur.
374 955 466 1015 Audis
474 956 551 1014 enirn
559 977 650 1028 casas,
660 955 759 1026 locos,
772 977 836 1016 rura
848 1000 857 1028 ,
868 975 1002 1026 nemora,
1014 952 1115 1032 praela,
1126 952 1233 1029 spicas,

170 1086 245 1125 sacra
260 1077 321 1124 tum
335 1085 431 1144 saepe,
447 1074 510 1120 turn
522 1059 653 1122 multum.
668 1059 807 1121 Omnium
822 1079 892 1122 vero
905 1058 1099 1130 cultissimus,
1116 1079 1169 1118 nec
1184 1079 1236 1120 re-

171 1171 298 1233 dundarrs
314 1172 345 1237 in
359 1169 456 1250 elegia.

284 1328 469 1385 Joscnrssus
486 1324 716 1394 causaturus,
734 1323 764 1380 r‘n
779 1321 934 1382 Elemerru's
946 1321 1110 1380 Rhetorica.

209 1459 275 1539 Ego
296 1476 365 1516 vero
385 1454 498 1537 quoties
521 1452 629 1515 Tibulli
647 1453 768 1515 carmina
788 1453 872 1535 lego,
894 1452 965 1513 nihil
980 1452 1098 1531 amplius
1118 1451 1235 1533 requiro

168 1585 261 1645 neque
276 1561 449 1634 venustatis,
468 1582 560 1642 neque
574 1559 720 1643 elegantiae
736 1582 743 1617 ε
760 1558 919 1619 doctrinam
935 1570 1029 1620 autem
1046 1570 1076 1619 et
1092 1557 1236 1620 eruditio-

168 1691 235 1731 nem
251 1668 384 1729 admiror.
402 1667 506 1730 Omnia
518 1679 577 1727 arte
592 1666 746 1747 studioque
757 1689 868 1728 summo
879 1666 989 1725 elimata
1000 1665 1070 1726 rnibi
1084 1663 1234 1726 ridentur:

167 1777 265 1857 itaque
280 1776 311 1835 in
325 1774 441 1837 maxima
458 1773 589 1836 [scilitate
602 1773 665 1847 illa,
682 1795 747 1834 cura
761 1785 854 1834 tamen
871 1758 1071 1834 elaborationis
1089 1771 1236 1852 conspici-

167 1894 229 1943 tur.
244 1880 339 1944 Verba
356 1881 482 1960 optima,
500 1880 649 1943 sententiae
661 1879 824 1961 exquisitae,
843 1878 1016 1964 compositio
1031 1877 1183 1952 omnibus,
1204 1890 1238 1938 ut

169 1988 268 2063 aiunt,
284 1987 409 2048 numeris
420 1989 551 2066 perfecta.
563 1988 607 2048 Ex
618 2008 677 2070 quo
687 2007 802 2049 necesse
815 1998 860 2049 est
874 1986 932 2048 hoc
946 2000 1150 2070 consequatur,
1172 2005 1237 2045 ear-

169 2095 266 2170 mina,
281 2107 316 2155 ut
331 2095 390 2156 sint
405 2107 435 2156 et
450 2117 566 2174 canora,
581 2107 611 2157 et
624 2093 786 2179 splendida,
802 2107 832 2156 et
845 2094 994 2156 concinna.

264 2253 455 2311 Haluntinus
470 2252 662 2327 Tunnnnus,
677 2252 793 2313 Advers.
810 2251 872 2311 Lib.
887 2253 976 2326 XVI,
994 2273 1056 2334 cup.
1073 2268 1138 2313 xix.

213 2382 366 2456 Tibullus,
379 2382 428 2443 ille
439 2383 546 2464 politus
559 2384 708 2466 suavisque
720 2395 820 2465 poeta,
832 2397 861 2445 et
875 2384 990 2466 quidem
998 2382 1140 2445 Phoebeus
1152 2382 1233 2456 olor,

170 2490 201 2550 in
217 2511 278 2572 quo
294 2490 422 2551 sincerus
442 2511 503 2551 esse
516 2490 630 2552 videtur
649 2502 678 2551 et
697 2490 840 2572 ingenuus
857 2491 952 2554 Latini
969 2492 1109 2554 sermonis
1130 2510 1234 2573 sapor,

170 2596 252 2658 nullo
269 2597 422 2680 peregrino
437 2598 551 2659 vitiatus
566 2618 663 2660 succo.

359 2731 498 2792 Jaconus
517 2733 757 2808 Sanuszsrrus,
777 2733 839 2794 nu.
857 2736 909 2804 tl,
928 2733 1006 2809 Eleg.
1023 2747 1046 2791 r.

335 2861 470 2915 Battiaden
483 2861 551 2914 docti
561 2874 667 2915 sectatur
677 2863 751 2916 Musa
762 2863 894 2936 Properti:
951 2927 957 2934 ἢ

370 2955 475 3007 Flaccus
486 2954 635 3008 Pindaricos
649 2955 740 3008 dividit
751 2974 809 3008 anre
820 2954 916 3007 modos.

337 3045 447 3099 Passeris
464 3046 590 3117 exsequias
603 3047 681 3099 fracto
695 3046 762 3099 canit
776 3065 819 3096 ore
833 3041 962 3097 Catullus:

371 3135 411 3187 Tu
423 3136 543 3188 Nemesin
554 3136 653 3204 laudas,
669 3135 734 3190 culte
747 3133 863 3202 Tibulle,
878 3147 956 3186 tuam.

328 3282 449 3341 Jusrus
465 3280 611 3353 bursius,
631 3279 698 3343 Var.
715 3279 793 3339 Iaect.
809 3279 872 3338 Lib.
888 3277 923 3352 1,
940 3300 1002 3358 cap
1019 3293 1087 3338 xrs.
1150 3293 1156 3304 ·

217 3406 352 3469 Tibullus
361 3409 473 3491 elegans
486 3411 648 3491 cumprimis
659 3423 758 3492 poeta,
775 3407 846 3470 etin
863 3410 943 3490 cujus
957 3406 1114 3486 purissimis
1130 3408 1240 3486 scriptis

175 3517 267 3580 natira
283 3515 412 3597 quaedam
429 3529 458 3575 et
472 3517 619 3579 vernacula
634 3518 744 3577 Latinae
758 3515 864 3601 linguae
880 3515 1017 3575 munditia
1029 3515 1145 3579 relucet.

278 3653 411 3711 Isarcus
428 3651 660 3727 Cissunonus,
676 3651 801 3711 Lecubrr.
818 3652 1126 3732 Theocrit.cup.xv11.

213 3785 376 3845 Conferant
388 3797 481 3849 tamen
497 3785 619 3846 studiosi
637 3785 811 3863 poeticarum
829 3784 1021 3845 amoenitatum
1038 3784 1168 3869 ldyllium
1184 3785 1246 3845 boc
1330 3836 1332 3840 Α

173 3913 240 3953 cunr
254 3905 349 3973 poetae
364 3892 512 3954 cultissimi
528 3891 638 3954 Tibulli
653 3892 753 3974 Elegia
768 3904 884 3975 quarta,
901 3891 976 3954 libro
992 3891 1096 3975 primo.
1108 3894 1182 3956 Nam
1196 3890 1242 3951 illa
1303 3913 1310 3928 ·

173 3998 309 4061 ridentur
325 4000 359 4061 ad
374 3998 526 4061 Theocriti
538 3999 726 4061 imitationem
742 3998 833 4061 dicta:

341 4131 460 4184 Carmine
474 4151 596 4205 purpurea
608 4142 644 4182 est
653 4129 711 4182 Nisi
721 4149 792 4181 corna
804 4144 811 4178 τ
822 4131 934 4182 carmina
946 4130 974 4183 ni
985 4130 1049 4191 sint,

374 4222 412 4274 Ea
424 4223 529 4276 humero
539 4222 641 4295 Pelopis
654 4241 709 4276 nott
720 4222 834 4276 nituisset
846 4221 915 4277 ebur.
