2834 4996
347 475 613 539 CODICIBUS
635 478 695 540 ET
715 479 1045 545 autumamus.
1186 488 1233 554 rlr

174 605 298 679 amandi,
319 608 443 670 carmine
456 609 558 673 ltalico
573 612 733 686 redditum,
748 613 810 675 sine
827 615 882 676 ulla
897 617 1033 699 temporis
1048 630 1077 679 et
1092 618 1151 681 loci
1163 632 1232 682 nota

173 709 430 770 edidit-Ubinam
452 734 520 773 vero
536 713 700 774 Florentius
717 713 765 774 hic
780 714 1000 799 Argentinensis
1016 720 1231 802 typographiam

175 812 342 884 tremuerit,
356 811 457 871 lubens
467 834 523 897 ego
536 834 758 896 cognoscerem
777 815 844 875 licet
855 816 984 878 Venetiis
994 817 1039 879 vel
1052 818 1149 880 saltem
1159 818 1232 881 intra

174 911 303 971 Venetam
316 910 452 973 ditionem
467 913 624 975 exercuisse
641 914 760 976 omuino
775 926 912 993 putem.»
996 942 1001 949 ·

208 1011 385 1074 Bibliotheca
399 1012 523 1091 Maphaei
538 1013 640 1075 Pinelli
654 1014 757 1075 Veneti
766 1030 876 1098 magno
897 1019 952 1098 jam
970 1016 1065 1077 studio
1084 1018 1202 1080 collecta
1215 1043 1232 1080 a

175 1111 277 1173 ,lacobo
293 1112 428 1173 lllorellio
444 1112 512 1173 bibl.
528 1115 647 1178 Venetae
665 1117 702 1174 D.
722 1115 811 1175 Marci
827 1114 956 1176 Custode
972 1116 1110 1196 descripta
1125 1130 1155 1178 et
1174 1141 1232 1178 an·-

177 1213 364 1275 uotationibus
379 1214 533 1287 illustrata,
551 1226 621 1275 tom.
640 1218 688 1288 ll,
705 1240 734 1298 p.
747 1213 821 1290 383,
838 1239 867 1278 n.
886 1215 974 1278 5051.

208 1314 324 1375 Titulus
339 1326 467 1375 accurate
478 1314 512 1375 ad
524 1315 707 1399 archetypum
720 1336 868 1394 expressus
882 1331 926 1378 est
936 1339 950 1377 a
960 1318 1096 1381 Morcllio
1107 1320 1138 1379 in
1148 1321 1233 1398 Epis-

176 1414 225 1475 tola
239 1414 275 1473 ad
293 1414 457 1475 Antonium
471 1415 616 1476 Comitem
633 1417 788 1490 Bartolini,
804 1440 832 1499 p.
845 1416 882 1491 4,
897 1418 962 1492 ubi,
981 1441 1045 1501 quae
1057 1419 1092 1480 de
1107 1420 1158 1481 hac
1169 1418 1231 1480 edi-

176 1514 246 1575 tione
261 1515 292 1573 in
309 1515 447 1598 catalogo
462 1515 547 1576 latine
561 1516 691 1593 scripsit,
711 1516 814 1578 ltalicis
828 1517 921 1580 verbis
943 1518 1091 1580 iterantur.
1116 1522 1231 1582 lllemo-

174 1626 242 1675 ntnr
259 1637 291 1676 ea
307 1637 323 1675 a
337 1616 479 1689 Panaero,
502 1627 572 1676 torn.
589 1616 644 1690 IV,
662 1614 743 1699 pb,
761 1640 790 1678 u.
808 1638 856 1679 aa.
876 1620 910 1678 lu
927 1641 1046 1700 quanam
1059 1619 1232 1682 bibliotheca

173 1715 222 1776 boc
236 1716 426 1777 Pinellianum
442 1717 600 1794 exemplum
616 1716 757 1798 hodieque
773 1719 879 1792 lateat,
902 1720 1027 1801 quamvis
1049 1721 1121 1782 scire
1145 1744 1231 1783 cura-

172 1815 275 1887 verim,
292 1827 385 1876 tamen
401 1816 493 1876 adhuc
511 1815 626 1899 ignoro.
651 1816 746 1890 Quare
766 1818 910 1899 rogandus
930 1841 1007 1879 nuuc
1030 1830 1074 1879 est
1095 1820 1230 1902 publice,

173 1914 296 1996 quisquis
316 1927 383 1988 est,
407 1936 573 1997 possessor,
599 1926 631 1974 ut
650 1915 722 1976 hane
741 1916 897 1978 editionem
917 1917 1069 2001 diligenter
1085 1921 1229 1994 excutiat,

173 2014 311 2096 studiique
331 2014 376 2075 sui
397 2014 544 2088 fructum,
561 2014 755 2075 communium
776 2015 933 2078 litterarum
953 2039 1055 2093 causa,
1081 2006 1230 2081 uobiscum

173 2115 367 2175 communicet.

485 2316 528 2387 lt.
555 2315 791 2401 Bartolininna,
816 2315 915 2408 irs-4⁰.

287 2505 407 2566 Annuus
422 2509 580 2567 Truvnnvs
594 2510 702 2579 Eouas
716 2509 808 2590 Βοχ
833 2511 899 2589 P><

287 2607 385 2667 initias
401 2607 472 2667 alius
486 2607 566 2670 luluo
581 2608 634 2668 sibi
649 2620 762 2694 cogerat
777 2631 847 2670 auro

287 2708 328 2766 Et
340 2719 435 2767 teneat
451 2706 520 2767 culti
535 2711 632 2791 jugera
646 2731 745 2792 magua
758 2710 813 2771 soli
827 2714 854 2769 ><

211 2850 256 2908 De
275 2850 324 2909 hac
344 2850 469 2912 editione
490 2851 551 2933 agit
571 2853 720 2914 Morellius
741 2874 857 2934 musque
873 2851 912 2912 ibi
932 2850 971 2909 ita
990 2850 1048 2909 lere
1070 2849 1227 2912 describit:

171 2946 350 3011 carminata
370 2963 428 3011 tres
452 2949 566 3025 libros,
589 2951 690 3013 litteris
715 2951 874 3034 majusculis
898 2949 1060 3023 indicatos,
1083 2948 1231 3012 distributa

168 3063 256 3123 sunt;
271 3063 384 3133 quartus
397 3074 457 3111 non
474 3063 518 3113 est
533 3064 674 3129 separatus
687 3074 703 3111 a
717 3051 803 3113 tertio
821 3050 875 3110 nisi
890 3052 940 3111 hac
955 3049 1162 3128 inscriptione,
1180 3051 1230 3113 An

168 3155 364 3214 ttnssannru.
387 3151 514 3236 Singulis
531 3152 659 3235 Elegiis,
684 3173 735 3213 nec
755 3163 848 3212 tamen
867 3150 1021 3225 omnibus,
1046 3153 1229 3230 praepositum

168 3267 212 3316 est
228 3254 311 3315 breve
323 3254 466 3336 elogium,
484 3274 635 3334 earumque
646 3251 748 3312 litterae
760 3249 897 3323 initiales,
913 3251 937 3311 si
952 3250 1026 3312 sorte
1038 3252 1229 3329 reperiantur,

167 3355 268 3418 lormae
286 3366 356 3416 sunt
375 3354 551 3415 minusculae.
571 3353 724 3414 Character
746 3351 900 3411 litterarum
927 3362 970 3410 est
997 3352 1159 3425 rotundus,
1182 3353 1232 3413 sed

167 3455 252 3534 paulo
268 3455 368 3515 rudior
384 3465 414 3513 et
427 3453 581 3535 grandior,
599 3474 683 3535 quarn
693 3453 723 3512 in
733 3452 793 3511 aliis
810 3452 893 3532 hujus
909 3450 963 3511 aevi
976 3451 1128 3527 exemplis,
1144 3451 1183 3510 ita
1198 3465 1232 3512 ut

166 3557 266 3641 pagina
277 3575 396 3637 quaeque
410 3553 445 3613 ad
457 3575 596 3613 summum
606 3574 703 3615 versus
715 3550 754 3624 ad
764 3551 900 3613 exhibeat.
911 3551 1032 3621 Versus,
1048 3561 1080 3610 ut
1092 3548 1229 3627 inprimis

166 3653 399 3738 Chalcogmphiae
415 3652 604 3724 rudimentis,
620 3651 780 3734 inaequales.
796 3650 944 3735 singulare
959 3651 1014 3710 hoc
1030 3661 1097 3721 cst,
1118 3650 1228 3712 nullum

167 3754 240 3815 aliud
250 3752 490 3834 interpunctionis
503 3753 615 3833 signum
625 3752 734 3824 inesse,
746 3749 947 3829 uisiparvulam
956 3749 1075 3827 litteram
1089 3751 1133 3823 X,
1152 3772 1229 3813 nunc

168 3876 221 3933 pro
230 3857 358 3937 majore,
382 3874 458 3912 nunc
470 3875 523 3931 pro
538 3852 649 3914 minore
664 3867 762 3935 στιγμῇ
775 3849 941 3924 adhibitam,
960 3849 1038 3931 quod
1048 3849 1113 3909 alibi
1125 3850 1227 3913 vidisse

166 3975 227 4015 nou
238 3953 406 4015 meminerat
416 3950 574 4012 Morellius.
592 3954 666 4030 (Est
675 3951 713 4011 ita
724 3952 808 4012 etiarn
817 3950 849 4011 iu
859 3949 984 4011 editione
994 3949 1147 4032 Regiensi,
1164 3972 1229 4032 quae

166 4053 247 4115 nullo
264 4075 318 4114 uec
337 4063 476 4113 commate
492 4073 545 4112 uec
565 4050 679 4130 punctis
699 4051 874 4112 interstincta
891 4062 953 4126 est,
965 4044 1024 4111 'sed
1040 4072 1141 4112 eorum
1161 4049 1226 4110 loco

167 4173 275 4259 ubique
287 4173 350 4238 haec
364 4172 475 4258 signal
488 4187 516 4238 et
530 4147 553 4297 is
566 4174 684 4252 habet)
700 4174 804 4237 Charta
814 4186 910 4237 notata
918 4186 962 4236 est
970 4173 1063 4237 littera
1073 4173 1108 4231 Β.
1121 4170 1228 4233 circulo
