2806 5002
168 508 187 546 x
437 481 695 546 PRAEHTIO
719 480 965 547 EDlTORlS.

168 644 280 703 nune.
303 616 394 689 inter
412 606 533 689 heroas
548 630 717 715 uersatur,
738 640 848 715 neque
869 610 1051 715 quidquam
1067 614 1205 697 horrido

167 732 346 836 pausantis,
360 730 450 831 quod
455 726 594 802 Tibullo
602 728 806 816 obtrudunt,
815 748 1021 831 compertmn
1029 731 1137 805 habet.
1146 734 1204 806 Na

167 844 250 919 latet
265 873 352 932 enm,
373 860 439 916 tam
451 840 541 916 ludo
555 843 699 916 carmine
711 871 771 916 sua
784 842 868 917 faeta
882 844 1044 918 celebrata
1057 845 1175 934 luisse,
1191 877 1202 921 ι

167 959 344 1061 triumphis
355 957 610 1059 malaprecatns
620 958 1122 1060 suepoaiusdevictumvoveat,
1132 991 1200 1062 qua

165 1076 212 1150 ita
227 1091 395 1150 cantatum
411 1072 582 1146 rictorem.

215 1189 328 1278 Delia,
344 1189 471 1262 rubore
483 1188 620 1262 subtusa
632 1217 747 1284 genas,
761 1189 900 1289 pudoris
913 1188 1039 1289 aliquid
1051 1189 1197 1263 retinebo

165 1302 322 1380 ’libullus
334 1331 413 1376 vero
428 1299 549 1375 leniter
557 1301 633 1375 irati
646 1300 774 1376 vultum
786 1330 854 1402 pru
870 1330 905 1377 se
918 1302 1042 1390 ferens,
1056 1302 1110 1376 his
1123 1303 1196 1377 verl

165 1449 219 1495 me
235 1420 471 1519 obstupentem
487 1415 694 1518 alloquitur:

215 1535 363 1620 Obone,
372 1529 591 1632 typographis
598 1531 859 1606 nuncsollicitns
868 1531 1083 1607 tumalodicta
1092 1535 1193 1631 ingeri

166 1680 309 1754 quornm
318 1647 452 1723 minima
464 1645 561 1750 eulpa
571 1647 710 1731 rationis
723 1665 890 1748 expertem
905 1664 937 1721 te
948 1647 1036 1721 lacit.
1048 1649 1140 1746 Quid
1154 1679 1191 1725 ve

168 1766 197 1840 si
213 1765 275 1839 tibi
285 1764 413 1850 eadem,
430 1790 503 1863 qua
516 1761 614 1851 mihi,
628 1760 848 1836 accidissent?
859 1761 933 1848 Me,
950 1757 1047 1860 quem
1059 1762 1096 1833 in
1107 1762 1190 1838 delic

168 1881 356 1955 habuerunt
369 1905 512 1952 romana
522 1873 657 1976 puellae3
669 1904 738 1965 me,
754 1904 874 1979 qun,
891 1892 1031 1976 propter
1041 1874 1150 1951 dulcia
1165 1908 1188 1953 c

167 1997 271 2084 mina,
287 2013 340 2069 tot
352 1994 416 2069 sibi
432 2010 612 2066 amatorem
627 2008 843 2092 exoptarunt,
857 2010 940 2092 quot
953 1991 989 2063 in
1000 1991 1088 2066 circo
1108 2021 1186 2094 spec

168 2130 250 2186 turn
265 2108 317 2184 vel
340 2107 525 2211 spectanda
540 2107 712 2195 sedebant,
726 2136 831 2195 nunc,
853 2137 918 2180 una
942 2137 1016 2181 cum
1033 2106 1185 2184 Deliam

166 2228 282 2325 viginti
293 2226 415 2300 abhinc
428 2222 569 2312 suculis,
585 2252 638 2297 me
653 2241 742 2297 tenet
754 2223 897 2295 vinctum
908 2222 1028 2296 divesis
1040 2224 1183 2324 quecui

166 2343 226 2418 dus
241 2339 344 2416 Orcus
351 2348 469 2471 aquu¹3
483 2357 515 2412 et
524 2340 590 2412 mei
597 2356 845 2438 praeternomen
857 2335 942 2411 nihil
952 2357 1139 2438 superest...
1155 2343 1182 2440 Q

166 2458 277 2532 animo
287 2480 340 2528 me
349 2472 447 2554 putas
455 2482 491 2527 m
500 2453 696 2550 interpretes
709 2482 795 2540 esse,
812 2483 953 2555 qnorum
966 2454 1079 2529 nullus
1093 2456 1179 2529 exsti

167 2568 249 2672 quin
262 2595 315 2640 me
332 2566 445 2666 aliquo
460 2564 625 2640 vocabulo
641 2564 827 2667 spoliaret?
844 2568 944 2663 Quo
935 2597 971 2642 tn
988 2567 1161 2653 librarios,

167 2681 313 2788 codicem
328 2707 429 2780 snper
445 2679 558 2752 codice
573 2698 818 2768 coacervantes,
842 2709 885 2755 ne
900 2680 1084 2754 litterarum
1104 2684 1177 2782 quic'

168 2777 287 2872 (luctus
302 2821 433 2867 serrare
448 2793 560 2867 idonei
566 2793 730 2891 ‚Elegos
750 2823 835 2896 quos
851 2796 1047 2885 eecinemm,
1063 2796 1175 2872 soeduu

164 2914 300 2986 modum
317 2910 569 2984 delormnrunt?
585 2914 665 3007 Quo
683 2910 839 2984 tandem
829 2941 863 2983 tn
882 2912 975 3010 ipsos
994 2914 1157 3002 editores,

165 3023 251 3097 nihil
263 3051 333 3095 non
344 3023 463 3110 fecere,
481 3041 520 3096 ut
535 3023 638 3111 mala,
656 3025 707 3097 vel
726 3025 860 3125 potius,
878 3042 916 3097 ut
931 3024 1110 3101 calumnias
1127 3027 1171 3101 de

164 3141 272 3240 deque
293 3136 389 3212 Delia
410 3137 666 3238 pervulgarent?
676 3198 790 3213 .......
821 3143 917 3214 Nunc
940 3171 1056 3215 rumor
1075 3144 1168 3243 apud

162 3255 251 3330 leros
268 3271 337 3340 est,
368 3270 400 3326 te
422 3282 555 3354 quoque
576 3282 681 3350 nugas
700 3274 771 3329 tuas
800 3254 936 3329 illorum
958 3256 1091 3330 delictis
1115 3258 1168 3332 adt

164 3369 265 3458 velle,
283 3359 591 3469 nouumquemoliri
611 3370 808 3456 editionem;
829 3400 901 3472 qun
921 3401 1019 3445 causa
1034 3372 1110 3462 luit,
1127 3402 1167 3447 cu

164 3487 422 3564 conveniremus.
443 3487 606 3569 Praedicu,
630 3504 662 3559 et
679 3517 813 3585 precor,
831 3517 849 3560 a
867 3505 961 3560 tanto
979 3486 1119 3563 vulnere
1130 3488 1165 3562 al

164 3628 260 3684 neas;
273 3627 350 3672 nam
359 3599 387 3672 si
396 3600 606 3698 propositum
616 3599 853 3683 eodemmodo,
865 3630 933 3700 quo
943 3599 1064 3700 reliqui
1075 3600 1164 3675 odito

163 3714 312 3818 perficis,
329 3743 383 3789 res
399 3743 537 3813 prorsus
551 3716 587 3787 in
608 3716 790 3814 desperatis
807 3732 907 3814 atque
927 3714 1068 3815 perditis
1082 3714 1163 3790 hah<

166 3831 246 3918 erit,
260 3848 297 3903 ut
306 3829 460 3904 lubenter
472 3830 634 3930 quidquid
649 3859 778 3929 papyro
792 3831 1036 3917 mandaveram,
1050 3830 1121 3926 igni
1135 3830 1160 3905 d

167 3946 308 4019 randum
322 3946 552 4020 concesserim.
569 3947 701 4018 Ferrum
715 3963 841 4034 umen,
859 3945 888 4018 si
901 3963 1068 4033 truncata,
1081 3947 1110 4020 si
1124 3975 1162 4023 m

202 4224 210 4252 ¹
224 4221 279 4274 Lib.
291 4221 344 4286 111,
359 4220 399 4273 El.
413 4235 462 4287 ιιι,
477 4239 500 4270 v.
512 4218 552 4271 38.
