2834 4996
278 473 547 537 CODlClBUS
575 476 637 535 ET
666 472 1000 535 EDITlONlBUS.
1116 473 1170 534 xlix

99 602 196 664 adhuc
212 603 427 676 recensuimus,
450 616 480 664 et
502 604 594 683 posita
610 605 640 663 in
661 604 756 665 ironte
780 603 937 665 editionum
964 604 1111 678 omnium,
1136 604 1172 663 ab

101 700 255 762 lluscblio
271 703 336 780 ipso
351 705 480 785 pn'nceps
497 703 571 764 dicta
588 715 617 765 et
633 703 742 783 major,
767 704 832 786 quia
853 726 884 764 re
898 725 963 765 vera
974 705 1087 786 majoris
1103 722 1173 764 mo-

102 800 165 861 duli
181 813 249 874 est,
267 823 353 882 quam
370 801 441 874 illae,
457 824 510 863 nec
522 814 634 876 100100,
651 802 729 884 quod
746 802 858 885 quidam
874 801 1049 863 tradiderunt
1061 802 1172 862 littera-

102 914 203 969 tores,
215 900 346 971 maximi,
365 902 413 957 sed
426 945 435 975 ,
451 914 538 979 prout
551 902 690 984 margines
703 902 818 963 latiores
832 924 848 961 a
860 902 1031 985 glutinatore
1042 901 1106 978 plus
1119 903 1174 962 mi·

104 1021 197 1061 unsre
212 997 295 1058 aceisi
310 1010 398 1070 suut,
414 1019 493 1059 nuuc
509 1002 544 1058 ab
559 1002 610 1060 hac
626 999 718 1076 specie
734 1002 853 1082 propius
868 1001 962 1073 abest,
979 1024 1056 1062 nuuc
1069 999 1104 1061 ab
1117 1000 1172 1061 illa.

104 1103 170 1160 Jam
187 1120 275 1179 quum
291 1098 353 1160 haec
365 1096 453 1159 editio
470 1098 575 1158 nullam
591 1120 644 1160 uec
661 1099 717 1159 loci
733 1120 787 1161 nec
803 1098 926 1160 officinae
940 1111 1037 1159 uotam
1052 1100 1174 1160 subscri-

104 1211 184 1277 ptam
197 1197 318 1272 babeat,
339 1197 442 1260 lactum
459 1211 522 1272 est,
538 1211 572 1259 ut
587 1198 640 1260 riri
656 1200 734 1259 docti
754 1199 789 1258 de
805 1199 893 1281 patria
907 1210 936 1259 et
949 1212 1065 1260 auctore
1079 1200 1174 1280 operis

105 1297 300 1360 dissentirent.
323 1298 367 1359 Ac
382 1298 504 1380 primum
522 1298 635 1380 quidem
650 1299 760 1360 Lairius
777 1300 806 1359 in
821 1300 944 1376 Specim.
959 1299 1099 1359 Historic.
1116 1301 1175 1382 Ty-

106 1419 191 1481 pogr.
202 1400 291 1459 Rom.
303 1398 337 1457 P.
352 1399 382 1458 11
395 1441 405 1470 ,
418 1421 446 1479 p.
466 1395 522 1458 186
534 1441 543 1473 ,
561 1420 689 1459 excusam
701 1421 760 1461 eam
772 1418 832 1458 esse
847 1397 1012 1478 opinabatur
1021 1396 1056 1458 ab
1073 1398 1174 1460 Ulrico

106 1497 220 1569 llauio3
244 1498 316 1571 sed,
333 1496 469 1559 refutatus
487 1497 521 1559 ab
539 1498 731 1572 Audifiredo,
754 1511 852 1581 postea
869 1499 900 1559 in
928 1500 991 1559 lud.
1007 1497 1120 1560 Libror.
1141 1497 1175 1559 ab

106 1598 222 1659 iuventa
237 1598 407 1680 typograpb.
420 1597 456 1658 ad
469 1620 514 1658 an.
535 1596 633 1672 1500,
654 1599 687 1658 P.
704 1602 736 1672 1,
752 1620 782 1679 p.
798 1596 875 1684 289,
891 1619 907 1657 e
923 1598 1034 1659 Nicolai
1047 1598 1173 1670 demon,

105 1696 278 1782 typographi
300 1699 423 1769 Veneti,
445 1697 557 1760 officina
570 1699 710 1781 prodiisse
724 1699 871 1759 statuebat.
895 1698 991 1759 Hodie
1008 1720 1107 1759 omnes
1125 1720 1176 1758 ac—

106 1798 210 1860 cedere
225 1798 309 1861 uideo
326 1798 489 1859 Audill'redi
504 1800 653 1861 sententiae
668 1843 676 1872 ,
699 1798 748 1880 qui
765 1799 836 1859 hauc
851 1797 1006 1859 editionem
1024 1799 1054 1858 in
1068 1800 1177 1861 Veneta

105 1899 245 1982 quidem,
261 1898 310 1960 sed
326 1898 473 1959 Viddelini
489 1899 630 1981 Spirensis
647 1898 757 1960 officina
773 1921 931 1977 expressam
947 1922 1008 1960 csse
1025 1900 1178 1981 proposuit

105 2002 138 2061 in
159 1998 289 2081 catalog.
307 1999 409 2060 bistor.
430 1999 519 2061 critic.
541 2002 733 2061 Romanarum
752 2000 817 2059 edd.
840 1997 945 2060 Saecuti
962 1999 1037 2070 XV,
1057 2022 1085 2076 p.
1110 1996 1176 2058 123.

106 2101 185 2175 Quae
200 2101 364 2180 conjectura
381 2099 454 2160 baud
470 2121 569 2180 parum
591 2121 626 2159 eo
642 2098 844 2172 confirmatur,
872 2099 949 2181 quod
965 2109 1036 2158 teste
1051 2097 1174 2171 eodem,

107 2222 220 2261 summa
232 2199 309 2261 iuter
318 2199 389 2260 banc
404 2212 434 2260 et
446 2199 581 2262 Martialis
592 2242 601 2273 ,
615 2222 631 2260 a
643 2199 797 2259 Vindeliuo
813 2200 847 2258 de
857 2201 943 2280 Spiro
956 2209 1095 2272 curatam,
1112 2199 1177 2259 edi-

108 2299 221 2362 tionem
235 2299 386 2361 intercedit
398 2321 456 2360 000
470 2312 604 2382 typorum
621 2299 726 2372 modo,
742 2299 792 2360 sed
803 2299 906 2360 chartae
916 2299 999 2360 etiam
1009 2296 1177 2360 similitudo.

152 2400 248 2480 Hujus
264 2399 399 2460 editionis
411 2399 484 2460 illud
498 2399 655 2481 exemplar,
674 2399 770 2480 quod,
787 2411 859 2459 teste
874 2398 1019 2459 liernardo
1034 2399 1177 2458 (10111001-

97 2492 228 2571 smrcon,
242 2507 264 2554 t.
281 2498 315 2568 l,
332 2519 360 2574 p.
378 2493 456 2579 309,
473 2495 576 2570 001,
594 2496 749 2557 Florentiae
765 2496 794 2556 in
810 2496 980 2558 bibliotheca
992 2496 1177 2555 Laurentiana

107 2606 218 2654 exstare
234 2596 365 2678 Heynius
381 2596 500 2668 scribit,
523 2608 621 2678 postea
631 2595 661 2655 in
672 2596 870 2658 bibliothecam
885 2597 1010 2677 ejusdem
1024 2595 1101 2655 urbis
1112 2598 1179 2654 lla-

108 2692 330 2773 gliabecbiauam
346 2695 510 2757 uanslatum
525 2718 608 2770 esse,
631 2707 735 2778 patete
754 2696 836 2756 Ferd.
854 2695 947 2757 Fossii
967 2694 1105 2775 Catalogo
1125 2716 1178 2752 co-

109 2792 212 2853 dicum
227 2798 298 2855 Sac.
313 2797 387 2870 XV,
404 2808 458 2857 etc.
474 2809 497 2855 t.
514 2798 545 2869 l,
563 2819 591 2873 p.
606 2795 674 2882 496.
691 2795 792 2857 Fuisse
807 2807 900 2857 autem
920 2794 989 2854 olim
1006 2792 1112 2873 Angeli
1125 2793 1179 2852 Po·

110 2892 227 2965 litiani,
249 2897 361 2977 ejusque
378 2919 462 2957 manu
483 2897 518 2957 ad
537 2898 693 2979 marginem
713 2895 837 2966 Catulli,
857 2893 969 2953 Tibulli
991 2904 1019 2952 et
1036 2891 1180 2969 Propertii

109 2992 235 3069 scriptas
252 2994 350 3056 babere
367 2997 586 3069 annotationes,
610 3009 710 3057 contra
732 2993 1005 3065 lllontelalcouium,
1032 2993 1066 3054 de
1081 2993 1178 3052 haere

112 3092 312 3168 dubitantem,
334 3097 517 3175 comprobare
541 3097 671 3158 studebat
691 3096 845 3156 bandinius
867 3095 897 3153 in
921 3094 1059 3176 Catalogo
1082 3093 1178 3153 Codd.

114 3194 190 3253 Latt.
208 3193 347 3255 Bibliotb.
364 3197 469 3257 llledic.
486 3199 620 3259 laurent.
641 3207 663 3254 t.
682 3199 728 3267 ll,
746 3219 774 3272 p.
788 3192 847 3277 96,
865 3216 924 3276 seq.
942 3215 975 3253 ex
998 3194 1048 3253 hac
1065 3193 1178 3255 Catullo

115 3294 266 3374 praeposita
278 3297 426 3358 notatione
443 3321 450 3355 :
465 3299 571 3376 Angeli
585 3298 723 3357 Politiuni
734 3306 762 3355 et
777 3298 929 3354 amicorum
936 3317 948 3362 ‚·
966 3318 1029 3375 quae
1045 3293 1179 3355 inferiore

115 3392 182 3454 loco
196 3417 289 3477 grtece
303 3398 441 3478 repetitur
453 3399 509 3458 sic:
527 3392 640 3479 dppi‘tou
651 3412 736 3478 κτῆμα
749 3410 794 3458 τοῦ
809 3402 959 3460 1101000010οῦ
973 3399 1077 3456 καὶτῶν
1092 3400 1179 3474 φίλων.

114 3494 155 3553 Et
176 3495 211 3555 ad
233 3497 337 3557 calcem
354 3498 499 3581 Propertii
523 3502 657 3583 leguntur
672 3500 733 3559 haec
750 3521 757 3556 ι
778 3525 792 3551 u
808 3497 932 3570 Catulli,
949 3495 1080 3570 Tibulli,
1102 3497 1180 3557 Pro-

115 3595 255 3677 pertiique
270 3596 381 3658 libellos
398 3599 472 3676 coepi
488 3621 542 3684 ego
560 3599 691 3682 Angelus
707 3597 863 3658 Politiauus
880 3600 934 3679 jam
947 3596 1013 3657 inde
1031 3618 1044 3654 a
1064 3597 1181 3678 pueritia

116 3706 233 3757 tracure
256 3709 285 3755 et
303 3718 355 3774 pro
380 3699 470 3759 aetatis
491 3702 551 3780 ejus
569 3697 675 3780 judicio
700 3696 745 3757 vel
764 3696 906 3781 corrigere
922 3695 966 3759 uel
984 3696 1178 3772 interpretari3

118 3815 177 3873 quo
186 3796 234 3870 lit,
250 3807 284 3855 ut
294 3797 383 3856 multa
396 3797 482 3859 exeis
498 3820 533 3858 00
545 3798 605 3874 ipse
616 3797 730 3877 quidem
743 3797 829 3873 satis,
845 3809 877 3855 ut
889 3819 966 3857 nurtc
977 3807 1037 3867 est,
1052 3794 1180 3876 probem.

115 3895 179 3968 Qui
193 3894 286 3979 leges,
305 3918 356 3971 ne,
370 3919 484 3978 quaeso,
502 3898 546 3959 vel
564 3897 670 3980 ingenii
685 3897 730 3958 vel
747 3897 885 3958 doctrinm
900 3896 943 3956 vel
962 3896 1115 3980 diligentias
1131 3919 1182 3956 no·

114 4007 183 4054 strae
198 3994 263 4056 binc
277 3997 330 4057 tibi
349 4001 541 4079 conjecturam
557 4010 605 4058 aut
619 3995 754 4078 judicium
770 3996 864 4057 lacito.
886 3995 1029 4057 Permulta
1042 3995 1116 4055 enim
1132 3995 1181 4053 iu·

113 4093 223 4155 luerint
234 4097 281 4172 (ut
295 4096 428 4157 Plautino
445 4109 507 4158 utar
524 4095 627 4174 verbo)

281 4219 324 4270 un
337 4238 452 4290 quaque,
465 4219 509 4289 qn
522 4218 621 4290 scupea,
634 4218 717 4289 juata
730 4218 807 4289 ugus
821 4216 876 4269 unu

442 4330 530 4392 Anno
550 4328 816 4392 mcccctxxv.
831 4353 846 4381 a
