2806 5002
182 423 247 506 nsj
574 417 635 485 ns
662 422 862 485 ussurus

180 575 299 636 quarum
315 546 433 636 primam
451 568 517 616 aun.
541 550 635 631 1560,
652 555 723 617 vitio
742 555 872 630 numeri,
894 562 988 617 urum
1003 562 1087 636 putat
1102 555 1251 639 Hegnius3

179 652 344 716 Huschkius
358 666 453 716 entem
468 656 500 715 in
515 655 644 717 munibus
662 655 768 717 babuit.

219 765 349 827 Catullus
372 765 506 828 Tibullus
531 767 700 849 Propertius
720 766 854 843 Lugduni
875 775 990 844 sumptu
1011 765 1145 827 Barthol·
1170 770 1252 830 Trot.

177 863 328 925 millesimo
344 862 629 947 quinquagentesimo
643 879 746 936 xvttt,
765 862 810 922 die
826 879 896 923 xxu
913 872 986 944 sept.
1007 858 1102 937 1518,
1116 862 1214 926 in-80.

217 972 247 1034 A
263 972 407 1034 Maittario
424 973 455 1033 in
474 971 537 1033 lnd.
554 993 618 1054 pag.
636 969 694 1044 24²
712 992 743 1032 ea
757 982 941 1032 mensuratur.

219 1082 300 1145 Attii
313 1081 424 1143 Tibulli
439 1081 592 1163 elegiarum
602 1079 666 1139 libri
684 1081 737 1152 lV,
754 1101 811 1139 una
826 1101 893 1140 cum
903 1077 968 1139 vat.
986 1077 1093 1139 Catulli
1108 1079 1252 1163 epigram-

175 1182 280 1257 matis,
303 1204 356 1245 nee
376 1203 437 1242 non
457 1180 535 1241 sen.
553 1179 695 1258 Propertii
713 1177 777 1239 libri
795 1180 857 1253 lV,
875 1177 992 1260 elegiaci
1008 1199 1074 1238 eum
1090 1178 1151 1239 suis
1169 1199 1252 1241 com-

175 1281 337 1354 mentariis,
353 1279 487 1342 videlicet
504 1278 634 1361 Cyllaenii
651 1278 826 1339 Veronensis
842 1278 872 1337 in
884 1278 1049 1353 Tibullum,
1062 1278 1210 1341 Parthenii
1223 1292 1252 1340 et

138 1372 140 1376 ’
176 1379 291 1441 Palladii
311 1379 341 1438 in
357 1377 520 1451 Catullum,
537 1389 567 1437 et
583 1376 657 1437 Pbil.
674 1377 808 1439 Beroaldi
823 1378 855 1437 in
874 1378 1066 1455 Propertium.
1088 1376 1185 1440 Habes
1201 1376 1250 1437 in-

176 1497 261 1555 super
275 1475 487 1537 emendationes
502 1474 533 1533 in
546 1475 639 1551 ipsum
655 1473 799 1534 Catullum
813 1496 864 1552 per
877 1475 960 1536 llier.
978 1474 1139 1535 Avancium
1154 1475 1248 1536 Vero·

175 1595 302 1637 nensom.
318 1576 380 1634 Nec
397 1595 456 1634 non
472 1582 501 1632 et
517 1571 757 1654 castigatissimum
772 1569 895 1632 tabulam
911 1569 1040 1632 omnium
1058 1590 1174 1644 rernm,
1188 1592 1247 1653 quse

174 1677 206 1737 in
221 1675 346 1760 nmgine
363 1685 431 1735 sunt
447 1673 567 1752 positae,
591 1695 681 1750 nuper
694 1672 815 1733 additam
835 1685 864 1732 et
880 1695 1025 1755 nunqnam
1042 1672 1108 1733 alias
1128 1673 1244 1752 impres·

175 1797 242 1837 saur.
257 1776 380 1836 Venetiis
395 1775 426 1834 in
442 1773 549 1834 sedibus
565 1771 712 1833 Guilielmi
728 1772 762 1831 de
778 1773 939 1833 Fontaneto
949 1771 1158 1833 Montislerrati
1174 1793 1242 1834 anun

175 1871 286 1933 domiui
301 1872 444 1932 M.1›.xx
459 1869 505 1932 die
520 1887 567 1931 ιιι
586 1868 658 1952 julii.
682 1868 795 1951 lnclyto
812 1869 965 1929 beonredo
982 1869 1145 1931 Lauretano
1162 1868 1239 1930 Prin·

174 1970 237 2049 cipe
257 1970 352 2045 1520,
369 1970 503 2032 in-lolio.

214 2081 250 2138 In
266 2078 317 2137 bac
332 2076 458 2137 editione
469 2075 565 2135 ultima
575 2075 637 2137 vice
648 2070 772 2158 Cyllenii
783 2072 977 2136 commentarii
988 2117 997 2148 ‚
1014 2073 1101 2134 toties
1112 2073 1229 2150 repetiti

172 2172 267 2236 aeusi
282 2172 380 2245 lisere3
399 2195 432 2232 ex
449 2171 570 2254 quibus,
587 2172 629 2233 uti
649 2173 839 2250 comparando
855 2171 997 2234 editiones
1014 2173 1124 2230 Veneta
1149 2167 1224 2251 1487

171 2258 209 2358 pi
225 2270 283 2356 ,93
295 2314 304 2342 ,
318 2294 375 2356 97,
397 2269 494 2343 1500,
515 2270 592 2331 1520
609 2272 758 2349 comperi,
775 2272 922 2353 plerasque
938 2269 1097 2345 lectiones,
1117 2293 1186 2353 quas
1197 2271 1228 2331 ill

171 2374 203 2432 in
219 2395 274 2432 suo
293 2372 445 2446 babuerat,
462 2369 493 2430 in
509 2369 569 2452 ipsa
582 2368 692 2430 Tibulli
710 2369 793 2433 verba
810 2370 931 2432 intulere
953 2369 1098 2444 editores,
1119 2368 1170 2452 qui
1185 2367 1226 2428 itt

172 2496 237 2535 cnm
256 2475 349 2536 verbis
371 2485 465 2555 poetae
485 2470 583 2532 recudi
607 2485 761 2548 curarunt,
783 2483 812 2530 et
830 2471 944 2554 quidem
961 2472 1108 2553 sequiores
1134 2491 1223 2552 sempr

82 2560 86 2567 Ι
170 2576 269 2660 majori
287 2597 351 2635 cum
366 2573 498 2646 licentia,
516 2595 598 2655 quam
617 2572 799 2655 superiores,
815 2575 853 2633 ita
872 2586 905 2634 ut
926 2573 957 2633 in
977 2571 1141 2634 novissimis
1157 2572 1221 2634 lecti

88 2715 90 2719 ι
170 2685 320 2736 contextus
337 2674 419 2751 plane
436 2674 582 2734 immutata
596 2675 643 2732 sit.
660 2672 708 2732 Sic
728 2674 760 2747 1,
778 2674 861 2755 Eleg.
879 2691 931 2748 lv,
949 2669 1009 2745 34,
1027 2671 1057 2731 in
1074 2671 1145 2733 eutr.
1156 2674 1217 2735 Ror

169 2775 274 2860 legitur
288 2776 382 2835 tardos
393 2775 468 2846 dies,
489 2786 518 2833 at
531 2773 678 2856 Cyllenius
694 2773 725 2832 in
739 2785 893 2834 comment.
911 2772 1115 2850 interpretatur
1129 2773 1214 2835 altera

168 2874 322 2936 lectionem
333 2874 432 2933 stultos
446 2874 515 2932 dies.
529 2875 564 2931 ln
574 2874 682 2933 Veneta
696 2869 789 2955 1487,
804 2885 834 2934 et
849 2872 1033 2954 sequentibus
1042 2872 1137 2933 adbuc
1150 2875 1212 2934 tutu

168 2985 249 3049 erat,
278 2995 338 3034 non
358 2973 438 3054 quod
459 2971 606 3056 Cyllenius
630 2972 667 3030 ita
688 2973 832 3047 ediderat,
857 2986 886 3033 et
907 2974 982 3034 aliud
1001 2974 1195 3052 explicuerat,

166 3071 297 3134 Broulb.
311 3072 367 3146 ait,
389 3072 438 3132 sed
456 3073 522 3153 quia
536 3073 560 3131 is
579 3072 610 3131 in
626 3072 774 3133 sonaliter
792 3072 915 3155 legerat,
936 3095 1020 3155 quiam
1037 3075 1162 3157 vulgate
1181 3087 1206 3134 tr

166 3172 317 3234 editiones.
335 3172 376 3232 At
391 3172 421 3231 in
438 3173 505 3231 edit.
525 3170 601 3232 1500
613 3183 644 3231 et
664 3169 757 3245 1520,
775 3171 858 3232 etiam
874 3173 904 3231 in
919 3183 998 3233 textu
1011 3174 1112 3234 stultos
1130 3172 1203 3258 legib

166 3271 337 3333 Nouissimas
348 3272 393 3331 hae
405 3271 468 3330 duee
486 3270 625 3331 editiones
640 3293 738 3347 parurn
753 3293 767 3330 a
784 3292 814 3331 se
829 3271 951 3331 invicem
965 3271 1080 3333 abeunt.
1094 3272 1201 3336 Csetert

165 3368 230 3431 vide
245 3392 329 3449 supra
340 3392 404 3451 qnae
417 3369 452 3429 ad
468 3367 624 3429 editionem
639 3372 779 3430 Venetam
794 3392 839 3429 an.
861 3370 938 3430 1500
949 3373 1112 3434 notavimus
1128 3372 1159 3434 in
1173 3373 1198 3433 fu

207 3478 337 3539 Catullus
359 3475 492 3538 Tibullus
510 3475 676 3554 Propertius
697 3477 772 3553 apud
793 3477 864 3538 Sim.
891 3478 1065 3539 Colioaeum.
1081 3480 1196 3540 Poriss's

168 3574 265 3661 1529,
283 3577 376 3639 in·8⁰.

204 3686 293 3746 Novo
310 3685 476 3745 characteris
490 3683 646 3744 litterarum
664 3705 790 3768 genere,
815 3685 895 3766 quod
916 3686 950 3745 ad
969 3684 1160 3768 calligrapbiae
1179 3711 1191 3748 e

163 3785 286 3869 gantiam
301 3783 420 3866 propius
440 3784 565 3856 accedit,
582 3796 749 3844 exarata-est
768 3785 829 3844 brec
849 3784 959 3845 editio:
977 3806 1011 3845 ex
1027 3783 1118 3866 prima
1136 3786 1190 3847 Ald

163 3904 310 3961 expressa,
328 3895 360 3942 ut
377 3883 431 3960 ipsi
445 3883 655 3960 comparatione
675 3884 745 3944 laets
768 3884 969 3966 cognovimus.
992 3884 1127 3963 Repetite
1144 3887 1188 3947 eat

162 3985 309 4046 aSimone
326 3983 460 4045 Coliuaeo
480 3981 556 4046 1533
566 3995 635 4055 ant,
651 4006 733 4064 quem
749 4007 855 4044 annum
866 3985 927 4043 aliae
942 3983 1120 4062 praeferunt,
1142 3985 1187 4047 15:

164 4099 193 4146 et
202 4084 317 4146 minima
327 4084 417 4146 forma
432 4082 518 4156 1543.
535 4084 692 4142 Emendate
704 4083 733 4142 in
746 4085 789 4143 bis
803 4096 870 4143 sunt
881 4085 948 4146 vitia
959 4084 1099 4146 nonnulla
1110 4088 1185 4169 grav'

163 4210 189 4249 v.
203 4211 227 4248 c.
242 4186 279 4261 l,
297 4204 348 4260 tx,
365 4208 404 4270 9,
419 4181 554 4266 pes-fretu
563 4186 716 4264 porentia,
733 4183 780 4246 hic
794 4197 855 4258 est,
868 4188 1001 4265 purentm
1010 4183 1161 4266 perfeeto.
