2806 5002
342 437 610 502 CODlClBUS
638 440 697 501 ET
725 442 1058 509 EDlTlONlBUS.
1170 453 1237 537 xlvij

211 566 295 628 sintin
308 568 542 648 hudill'rcdiano,
558 570 676 635 Tibullo
692 574 844 657 adjunctus
858 588 903 638 est
917 576 1087 660 Propertius
1103 601 1168 641 cum
1184 583 1240 644 hac

211 664 257 727 lbri
264 667 327 745 primi
341 669 551 751 inscriptione:

294 802 394 862 Sexrr.
418 802 568 863 hunam.
587 804 772 866 Pnonnnan.
794 808 866 867 Nur

296 917 355 961 rra.
378 903 495 963 vunnu.
516 902 653 964 lucratu.
675 902 781 965 Linea.
803 905 891 966 anm
1003 876 1006 881 ῃ

292 999 354 1084 ςίᾳ
374 1000 423 1061 uel
443 1001 628 1063 monobiblos
645 1002 694 1064 Aa
714 1004 817 1065 tullum

215 1118 238 1176 lt
246 1124 300 1204 tejas
311 1124 367 1186 line
384 1124 446 1186 haec
460 1126 567 1208 adjecta
581 1138 624 1188 est
639 1125 829 1205 subscriptio:

290 1250 393 1311 Snxrr.
414 1252 600 1313 pronaum.
620 1254 732 1313 Nnvnr.
751 1274 759 1311 ε
777 1253 870 1313 Auru

288 1367 329 1413 an
346 1374 354 1410 ι
371 1351 493 1426 Pom,
516 1354 751 1415 lunvsrnosrnr
767 1375 774 1411 :
793 1354 891 1415 Lcnnn
970 1390 973 1397 ,

287 1450 446 1524 Euareia.
470 1454 542 1514 Sva.
563 1451 671 1512 anuo.
693 1453 831 1513 Bomio.
851 1455 893 1512 M.

289 1550 549 1625 cccohxxu.
570 1552 701 1612 Mensis.
721 1553 919 1613 Fannvnmr:

208 1671 269 1754 tp,
281 1676 485 1756 subscriptione
507 1689 647 1759 apparet,
674 1678 745 1739 hanc
767 1700 829 1741 esse
849 1680 1005 1743 editionem
1025 1682 1125 1757 illam,
1149 1684 1229 1768 eujus

209 1776 321 1853 nuptm
334 1779 366 1839 in
384 1777 558 1840 bibliotheca
579 1778 733 1840 domestica
754 1779 880 1843 servabat
891 1781 1035 1865 vulpina,
1052 1783 1179 1846 scribens
1194 1784 1230 1847 de

209 1868 253 1932 Via
262 1875 363 1953 Tibulli,
378 1902 411 1956 p.
425 1899 473 1937 ao.
491 1904 506 1933 e
522 1877 580 1938 Sed
594 1876 625 1935 in
641 1877 767 1939 editione
779 1881 907 1941 omnium
915 1874 1044 1963 principe
1057 1883 1124 1944 anni
1135 1882 1230 1965 1472,

207 1977 275 2038 Maia
294 1978 436 2052 febroarii,
459 1999 543 2060 quam
564 1977 781 2040 Brouclhnsiur
804 1980 963 2063 ignoravit,
983 2004 1038 2067 ego
1059 2004 1128 2046 vero
1151 1984 1230 2045 domi

206 2089 274 2152 ltro,
292 2081 319 2140 in
336 2080 412 2142 calce
427 2091 592 2156 poematum
608 2079 717 2140 Tibulli
734 2080 795 2141 haec
808 2079 942 2164 leguntur
959 2104 966 2141 z
987 2083 1110 2158 Albius,
1125 2096 1230 2146 etc.—

206 2170 227 2229 ll
243 2176 279 2241 bte
297 2180 424 2241 editione
448 2179 614 2258 Propertius
638 2179 722 2240 etiarn
751 2180 873 2258 primum
898 2181 971 2265 typis
998 2203 1116 2244 mensus
1137 2197 1190 2245 est.
1208 2212 1224 2240 n

204 2268 448 2364 ltrlolrequentior
468 2292 512 2341 est
534 2283 596 2342 hacc
618 2280 706 2342 editio
728 2280 920 2359 superioribus
937 2281 1002 2343 illis.
1023 2284 1149 2359 Romae,
1172 2286 1228 2346 nisi

203 2366 266 2451 fallor,
286 2381 340 2443 duo
361 2382 488 2460 exempla
507 2382 705 2459 reperiuntur,
727 2380 847 2441 alterurn
869 2381 900 2441 in
918 2382 1099 2445 Casanatensi
1117 2383 1227 2446 biblio-

204 2468 267 2549 theu,
283 2482 400 2543 alterum
422 2482 454 2542 in
470 2481 649 2542 Corsiniana.
670 2479 743 2542 Vide
760 2480 850 2542 Catal.
872 2479 1005 2543 biblioth.
1021 2484 1088 2545 Nic.
1105 2485 1225 2559 llossii,

205 2590 253 2654 ln
262 2580 301 2643 tbi
310 2594 502 2645 memoratur:
522 2582 651 2642 Tibullus
667 2593 696 2641 et
707 2574 868 2662 Propertius
883 2582 978 2667 1472,
990 2582 1081 2657 in-lt
1092 2582 1228 2647 Tibullus

203 2668 377 2761 behoperrio
387 2683 525 2757 exstabat,
542 2681 621 2764 quod
632 2704 715 2759 supra
723 2681 844 2743 vidimus
855 2724 864 2756 ,
878 2683 909 2743 in
920 2682 1091 2745 bibliotheca
1100 2686 1224 2747 Veneta:

204 2766 320 2851 lupetius
337 2784 400 2843 sine
417 2780 535 2843 Tibullo
551 2780 595 2842 bis
613 2782 644 2840 in
657 2780 826 2858 Pinelliana,
843 2804 871 2841 n.
886 2780 966 2864 4920
983 2793 1012 2842 et
1027 2783 1116 2866 4921.
1130 2784 1226 2844 Bero-

206 2863 332 2962 llllqloque
342 2882 486 2959 exemplar
499 2880 595 2943 adesse
606 2892 725 2942 testatur
737 2860 901 2941 Husehhius
917 2881 948 2939 in
959 2880 1138 2957 praelatione,
1150 2883 1226 2942 Nus·

204 2988 258 3047 pm
266 2994 491 3045 commemoratur
502 2980 630 3043 Catullus
641 2979 687 3042 vel
697 2977 814 3040 Tibullo
826 2978 872 3041 rel
885 2980 1038 3057 Propertio
1049 2980 1095 3043 vel
1110 2981 1225 3062 utrique

200 3087 263 3137 ⁰⁰ss3
274 3079 356 3143 datus.
370 3082 414 3143 Aa
428 3092 518 3142 exstat
533 3093 628 3140 tamen
643 3078 773 3139 Catullus
791 3077 853 3138 sine
866 3079 933 3138 anni
950 3091 979 3140 et
994 3078 1052 3141 loci
1064 3091 1132 3143 nota
1144 3074 1227 3141 Can-¹

197 3168 322 3260 “bebrina
335 3181 452 3265 Anglia.
461 3181 557 3241 Testis
568 3192 612 3241 est
618 3178 716 3261 Scipio
725 3176 854 3241 lllalleius
865 3179 896 3238 in
906 3181 982 3240 Mus.
990 3181 1098 3242 Veron.
1106 3203 1134 3261 p.
1145 3180 1204 3242 205
1214 3224 1224 3256 ,

194 3269 239 3350 lli,
254 3302 332 3365 agens
356 3283 393 3343 de
408 3280 515 3343 Catulli
531 3281 598 3343 loco
612 3291 746 3357 suspecto
770 3279 864 3341 Carm.
882 3280 978 3340 va1
996 3276 1084 3362 (67),
1102 3277 1224 3353 33-34:

144 3384 152 3395 '
188 3370 264 3442 itm
275 3405 358 3464 parum
375 3384 456 3442 molli
464 3382 607 3463 percurrit
611 3379 735 3462 flumine
750 3379 840 3441 Mello
853 3422 862 3454 ,
878 3380 1001 3452 Bn'xio,
1024 3379 1142 3440 Verona
1157 3403 1226 3442 ma-
1248 3418 1254 3431 ι

183 3482 212 3533 lt!
225 3497 317 3542 mata
335 3502 432 3543 meoe:
458 3507 473 3535 a
486 3492 616 3562 quanto,
646 3480 761 3561 inquit,
786 3480 880 3539 minus
906 3477 1093 3541 haesitandum
1113 3479 1152 3540 ob
1177 3480 1224 3539 in-

179 3580 301 3643 ludum
312 3582 413 3665 elegiae
430 3581 505 3641 illins
520 3581 684 3653 distichon,
700 3602 765 3661 quae
779 3577 992 3660 corruptissima
1010 3590 1070 3652 est,
1092 3599 1123 3640 ac
1139 3601 1226 3659 prop-

176 3686 229 3742 trea
242 3683 273 3742 in
287 3682 419 3762 pluribus
435 3678 602 3752 codicibus,
617 3690 650 3739 ut
665 3678 697 3738 in
711 3678 855 3739 Vaticanis
871 3677 982 3751 tribus,
1005 3677 1125 3740 minime
1141 3701 1225 3741 coru-

174 3794 252 3857 pet,
269 3804 324 3843 nec
341 3783 372 3840 in
387 3781 514 3842 editione
531 3781 593 3841 sine
610 3800 685 3839 anno
702 3791 731 3839 et
751 3778 836 3850 loco,
856 3800 938 3860 quam
958 3778 988 3837 in
1006 3778 1225 3865 cantabrigensi

170 3877 302 3945 lflknia
312 3881 374 3943 vidi
384 3924 395 3954 ,
405 3893 435 3941 et
446 3881 573 3943 omniurn
583 3878 700 3961 primam
710 3877 841 3961 judicavi.
853 3904 868 3932 u
879 3877 1043 3940 Huschhlus
1052 3880 1115 3943 baec
1126 3880 1223 3942 Malloi

166 3978 238 4043 rerba
248 3983 376 4044 ηίεηω
386 3980 463 4041 addit
474 4002 481 4038 :
495 3981 653 4055 Quamnam
663 3977 736 4037 banc
745 3976 902 4038 editionem
913 3999 975 4040 esse
986 3978 1092 4055 dicam,
1107 3992 1136 4041 et
1147 3979 1224 4042 unde

160 4078 259 4145 hmo?
273 4082 367 4145 Certe
381 4091 500 4141 nonest
516 4080 624 4138 Veneta
639 4077 771 4159 princeps
787 4098 834 4137 an.
855 4078 941 4161 rlpa.
960 4080 995 4139 ln
1011 4080 1063 4139 hac
1077 4078 1173 4149 enim,
1191 4092 1225 4140 ut

144 4178 336 4264 'irreliqnis,
357 4178 447 4262 elegia
462 4175 508 4239 illa
523 4189 623 4239 exstat.
642 4177 741 4260 lgitu0
749 4176 884 4239 affirmare
898 4177 1008 4251 audeo,
1025 4175 1128 4238 servari
1143 4176 1225 4238 Can-

157 4281 279 4368 flrigiae
299 4281 470 4357 Catullum,
487 4278 537 4341 diu
552 4276 657 4342 frustra
673 4276 844 4361 quaesitum,
857 4276 893 4338 ad
907 4276 1062 4338 editionem
1078 4272 1228 4340 lludill're-

191 1522 199 1565 l
