2834 4996
144 429 205 491 tm
534 430 594 494 nn
620 400 817 495 sinuum

181 562 249 621 Hoc
264 561 421 639 exemplum
443 575 531 623 exstat
554 563 584 622 iu
607 563 776 625 bibliotheca
795 562 1010 625 Rostocbiensi.
1029 558 1138 627 Eadem
1164 576 1212 627 est

140 662 225 743 hujus
241 674 324 743 atque
341 662 495 739 superioris
510 663 643 724 editionis
659 664 771 738 charta,
788 664 861 724 idem
875 663 1031 724 litterarum
1045 665 1208 738 character,

142 763 249 825 eedem
259 762 426 846 signatura!-
436 763 478 822 Αἰ
490 764 578 824 editio
591 764 696 825 Stoerii
709 786 796 823 uuum
810 763 941 843 idemque
950 761 1061 843 insigne
1072 762 1102 821 in
1112 761 1211 824 fronte

144 860 226 920 habet
240 873 324 941 atquc
340 859 369 918 iu
380 860 451 929 line;
468 860 557 920 editio
573 873 673 920 eontra
685 846 828 919 ilntbonii
845 857 874 917 in
891 857 986 919 fronte
1004 857 1079 919 aliud
1095 858 1212 940 insigne

144 961 243 1031 babet,
259 962 288 1020 in
300 961 355 1022 fine
371 961 446 1020 idem
457 960 534 1040 quod
546 960 705 1020 Stoeriana.
716 959 822 1018 Subest
830 958 922 1040 aliqua
932 958 1024 1030 lraus,
1037 956 1138 1017 similis
1150 958 1209 1033 illi,

143 1079 198 1140 qua
211 1056 303 1118 editus
315 1068 359 1117 est
374 1057 474 1118 eodem
488 1078 565 1119 anno
578 1059 667 1140 llagae
683 1056 766 1117 simul
779 1056 964 1116 Comitumet
973 1054 1100 1117 Londini
1112 1056 1211 1115 liora-

142 1154 198 1215 tius
211 1153 410 1237 Coningamii‚
426 1153 503 1214 nulla
516 1177 547 1214 re
561 1152 631 1226 alia,
648 1152 702 1213 nisi
718 1152 878 1235 insignibus
890 1151 1110 1232 nominibusque
1120 1151 1211 1212 libra-

143 1253 253 1314 riorum
270 1255 407 1315 diversus.

184 1350 315 1412 Melioris
335 1365 412 1412 notae
430 1349 542 1411 videtur
560 1371 641 1423 esse,
665 1370 718 1412 nec
731 1364 824 1411 tamen
840 1363 885 1411 est
900 1350 1025 1432 ejusdem
1041 1348 1108 1409 anni
1121 1348 1212 1413 editio

145 1451 348 1535 Lugdunensis
366 1452 442 1512 baec:

189 1579 347 1651 Certum,
365 1576 488 1649 Tibulli,
506 1578 647 1655 PropertI
667 1578 760 1657 Opera
776 1598 840 1657 quae
854 1588 964 1636 exstant
978 1574 1073 1636 omnia
1086 1616 1096 1645 ,
1111 1573 1146 1632 ad
1159 1590 1214 1635 te-

144 1678 251 1737 tustiss.
267 1678 331 1738 cod.
348 1676 529 1738 bibliothecae
541 1678 607 1736 Jnc.
624 1676 758 1734 Grasseri
767 1674 887 1735 fideliter
897 1676 979 1734 edita.
990 1674 1103 1748 Quibus
1115 1694 1213 1733 acces-

146 1787 245 1835 serunt
256 1773 380 1834 Cornell
397 1773 473 1835 Galli
488 1771 653 1855 fragmenta.
671 1771 817 1849 Lugduni,
837 1770 1003 1842 Mncvtt,
1021 1770 1121 1828 in-ra.

186 1874 256 1932 Non
270 1871 349 1933 valde
363 1872 509 1953 antiquum
524 1871 609 1932 fuisse
626 1872 775 1943 codicem,
789 1871 883 1951 quoin
895 1870 1088 1927 celebnbn'bus
1107 1868 1214 1928 Gallio

144 1981 172 2030 et
187 1972 300 2049 Anglioe
316 1972 488 2032 bibliothecis
504 1974 643 2032 meliorem
658 1970 858 2052 deprehendere
875 1968 1000 2048 potuisse
1016 1980 1101 2050 negat
1118 1968 1212 2028 Gras-

147 2095 243 2147 serus,
261 2073 355 2132 statim
371 2073 401 2131 iu
416 2074 517 2134 oculos
534 2073 663 2132 incurrit.

186 2174 236 2232 Jo.
244 2171 391 2232 Passeratii
405 2168 599 2233 commentarii
611 2172 639 2229 iu
653 2170 812 2243 Catullum,
823 2168 972 2230 Tibullum
982 2180 1012 2231 et
1020 2169 1214 2247 Propertium.

148 2270 269 2331 Pnn'siis
282 2271 356 2352 apud
371 2271 416 2330 ΕΙ.
432 2269 604 2339 moretum,
626 2266 720 2341 1608,
738 2268 870 2329 iu-lolio.

187 2366 279 2425 Verba
300 2380 393 2447 poetae
412 2366 471 2447 ipsa
489 2388 504 2425 e
522 2365 657 2446 scaligeri
676 2387 736 2426 esse
758 2365 924 2427 recensione
945 2364 1044 2425 asserit
1065 2364 1215 2447 Heynius,

149 2476 270 2547 negante
282 2464 399 2525 Vossio.
421 2465 500 2523 lolem
519 2463 669 2537 observat,
688 2464 834 2525 Passeratii
852 2464 1050 2540 pretectiones
1065 2486 1115 2523 seu
1133 2475 1217 2524 notas

149 2586 209 2623 non
223 2576 315 2623 totum
326 2576 455 2645 quartum
466 2563 569 2622 librum
582 2563 748 2639 complecti,
761 2576 793 2623 ut
808 2560 878 2624 [also
890 2562 996 2624 dixerat
1008 2562 1154 2644 thynius,
1167 2562 1218 2624 sed

151 2660 245 2723 solum
263 2682 374 2723 carmen
391 2658 421 2721 itt
437 2661 592 2720 lllessalam.

195 2766 290 2844 Opera
302 2761 426 2835 Catulli,
442 2759 567 2835 Tibulli,
579 2760 711 2839 Properti
732 2772 762 2820 et
774 2763 864 2822 Corn.
882 2761 974 2833 Galli,
987 2761 1045 2821 sive
1055 2760 1220 2823 Maximiani

148 2860 255 2940 potius.
270 2860 344 2920 Cum
356 2859 449 2919 indice
462 2858 574 2920 lloratii
588 2859 772 2921 Tuscanetto.
784 2859 882 2918 Editio
894 2860 1003 2919 auctior
1015 2859 1131 2937 insuper
1143 2881 1220 2941 poe-

149 2961 269 3020 matibus
289 2961 421 3042 aliquot,
446 2984 508 3042 quae
529 2982 594 3023 vere
611 2961 702 3022 Corn.
723 2960 809 3020 Galli.
832 2960 970 3020 linnooite
992 2961 1066 3042 typis
1087 2962 1218 3021 Wecbel.

151 3059 224 3139 apud
243 3058 287 3118 (ΣΙ.
303 3059 445 3119 lllarnium
457 3076 486 3120 et
501 3063 559 3122 lter.
569 3065 619 3123 Jo.
636 3059 754 3133 Aubrii,
777 3056 872 3133 1608,
890 3057 980 3118 trs-8⁰.

192 3161 247 3218 Est
264 3158 412 3239 repetitio,
427 3174 562 3239 quantum
575 3162 725 3245 intelligo,
742 3161 871 3239 pessimae
888 3161 1056 3222 Basileensis
1067 3184 1131 3221 curn
1143 3164 1219 3223 Tus·

152 3256 267 3318 castellae
279 3256 389 3327 indice,
407 3280 434 3315 u.
450 3279 512 3334 sup.
526 3258 561 3316 ad
575 3257 660 3318 ι53ο.
674 3264 686 3335 (
698 3262 764 3319 lloc
778 3260 816 3319 ita
830 3280 859 3320 se
874 3280 933 3319 uon
948 3260 1067 3333 lubere,
1078 3258 1218 3321 affirmant

149 3355 206 3416 alii.
223 3354 344 3415 Videant
359 3352 461 3436 quibus
472 3354 586 3415 bouitas
604 3357 773 3434 inspiciendi
789 3372 818 3420 et
829 3359 921 3420 otium
933 3362 1007 3438 est.)
1024 3360 1101 3419 Sunt
1113 3381 1153 3419 ete
1167 3380 1218 3420 re-

150 3456 248 3534 petitae
264 3454 404 3515 editiones
422 3451 500 3514 1618
513 3467 541 3515 et
559 3452 643 3516 1521.

192 3555 242 3616 Ad
254 3556 326 3616 banc
340 3554 496 3615 editionem
513 3566 594 3615 notat
603 3556 757 3615 Desseuius
767 3578 776 3613 .·
787 3582 802 3610 e
817 3556 932 3617 Profert
945 3557 1016 3617 tots.
1028 3560 1120 3619 llenr.
1136 3561 1219 3620 Vos*

151 3654 231 3727 sius,
247 3676 277 3731 p.
292 3652 348 3729 25,
366 3676 400 3715 ex
416 3654 587 3717 bibliotheca
605 3654 736 3716 lleitleib.
750 3656 905 3717 editionem
922 3656 1085 3738 impressam
1100 3658 1220 3716 Parisiis

149 3753 223 3835 apud
242 3752 496 3832 Orry,an.1608,
514 3776 580 3815 cum
596 3756 673 3817 notis
686 3756 826 3840 Cyllenii,
836 3757 936 3829 Statii,
952 3757 1076 3831 Mureti,
1089 3758 1217 3832 Dousae,

151 3850 298 3935 scaligeri.
315 3853 388 3911 Haec
402 3853 499 3914 eadem
511 3853 625 3915 videtur
639 3875 702 3915 esse
718 3854 826 3929 editio,
841 3876 924 3936 quam
942 3856 1052 3934 profert
1064 3872 1170 3915 censor
1188 3854 1221 3914 in

150 3952 219 4015 la'bl.
236 3953 301 4016 crit.
313 3954 368 4030 Vl,
383 3955 416 4013 Ρ.
434 3970 489 4026 ιιι,
506 3976 570 4037 pag.
586 3953 646 4038 59,
667 3976 713 4017 an.
730 3955 827 4029 1608,
846 3956 947 4017 in-sol.
963 3957 1136 4037 impressam.
1155 3956 1220 4015 Lu·-

149 4058 223 4117 tetioe
239 4054 270 4117 iu
288 4050 400 4115 officina
412 4054 617 4135 typographica
631 4053 746 4115 Claudii
761 4053 899 4125 Morelli,
920 4054 964 4115 via
978 4054 1101 4116 Jacobea
1117 4055 1152 4114 ad
1168 4051 1220 4111 in-

23 4212 31 4231 ,
150 4152 233 4239 signe
248 4152 359 4229 tontis,
378 4173 439 4215 non
454 4150 517 4213 sine
531 4152 620 4235 Regis
636 4152 786 4235 priuilegio
803 4176 811 4213 :
829 4175 914 4235 quem
929 4154 1044 4218 titulum
1066 4156 1136 4217 dicit
1153 4176 1217 4217 esse

6 4378 190 4672 h
