2834 4996
284 506 294 520 ·
326 417 651 485 ELEGIARUM
679 421 776 486 ΜΒ.
806 423 836 487 1.
863 421 1013 493 ELEG.
1043 429 1095 494 ΙΙ.
1201 429 1239 495 3ι

225 559 309 629 Mox
330 557 409 636 tibi:
427 587 494 630 non
512 558 570 631 uni
587 559 696 632 saeviet
711 589 816 661 nsque
836 560 925 636 deus.
1210 610 1244 660 0⁰
1309 637 1313 642 ,

168 669 256 742 Vidi
273 698 335 765 ego
357 671 414 772 qui
429 672 586 770 juvenum
603 673 741 747 miseros
757 674 890 750 lusisset
906 704 1051 777 amores,

227 787 309 859 Post
328 787 467 859 Veneris
485 787 600 862 vinclis
618 790 759 864 subdere
776 790 860 865 eolla
878 800 1008 883 senem,

170 903 223 975 Et
242 901 307 975 sibi
325 900 504 976 blanditias
524 903 659 978 tremula
677 935 875 1010 componere
891 937 989 998 voee,

226 1021 271 1090 Et
288 1018 442 1093 manibus
459 1047 556 1095 canas
571 1020 694 1119 fingere
713 1023 794 1099 velle
807 1052 936 1114 eomas;

172 1133 271 1206 Stare
289 1162 348 1207 nec
366 1154 441 1210 ante
455 1135 543 1212 iores
558 1138 697 1239 puduit,
715 1168 832 1215 earaeve
848 1141 966 1242 puelle

226 1247 393 1322 Ancillam
412 1251 522 1325 medio
541 1253 719 1328 detinuisse
733 1256 817 1330 loro.

176 1368 279 1441 Hune
293 1396 393 1467 puer,
411 1370 501 1443 bune
516 1371 645 1469 juvenis
665 1374 761 1448 turba
780 1375 982 1449 circumterit
997 1395 1086 1463 arta,

227 1483 374 1583 Despuit
392 1485 427 1556 in
444 1484 560 1561 molles
578 1505 611 1560 et
628 1488 693 1562 sibi
711 1490 851 1592 quisque
869 1494 972 1567 sinus.

176 1679 231 1732 vtes
252 1698 335 1749 usque
354 1680 436 1747 deus,
460 1703 473 1727 υ
493 1683 605 1735 omnino
622 1685 687 1751 reji-

177 1754 306 1821 ciendus,
326 1757 391 1808 nihil
411 1759 483 1810 enim
496 1758 542 1812 bae
556 1759 689 1829 interpre-

178 1835 280 1886 tatione
301 1834 448 1903 languidius
468 1837 581 1888 inveniri
594 1849 688 1906 potest.

177 1911 296 1982 Scaliger
310 1932 399 1964 veram
414 1913 513 1965 Tibulli
529 1914 689 1968 sententiam

177 1990 353 2044 subodoratus
361 2002 399 2044 est
407 2013 414 2052 ;
423 1993 508 2045 locum
523 1994 594 2045 enim
603 1994 639 2047 sie
647 1995 689 2046 in·

178 2080 353 2138 terpretatur,
365 2093 377 2114 α
390 2070 490 2122 Caveto
499 2070 624 2137 Moxtibi,
634 2091 688 2124 non

177 2164 248 2198 unus
261 2147 350 2199 saeviet
368 2165 448 2215 usque
468 2146 548 2210 deus,
565 2168 578 2191 n
592 2146 619 2197 id
631 2158 687 2210 est,

179 2247 193 2269 ι
207 2225 271 2278 Νοιι
281 2244 385 2278 unusne
395 2243 500 2293 semper
510 2225 557 2277 sibi
568 2237 690 2277 constans

178 2305 230 2359 erit
240 2304 283 2357 ille
294 2304 376 2369 deus,
390 2323 477 2372 neque
489 2304 516 2355 in
526 2305 633 2357 unicum
647 2322 689 2356 me

177 2384 276 2437 seriet.
290 2405 302 2429 u
312 2381 472 2446 Husehlrius,
480 2380 551 2435 nulla
561 2381 688 2435 librorum

179 2462 333 2515 auctoritate
344 2461 442 2525 fretus,
459 2461 536 2512 verba
548 2480 597 2512 aaa
609 2479 690 2513 vanus

178 2539 251 2611 qnod
263 2539 383 2609 plurimis
397 2537 478 2600 inest,
493 2539 520 2590 in
533 2559 583 2590 aaa
595 2558 690 2591 wcuas

178 2619 321 2683 immutat,
339 2617 440 2684 sibique
463 2616 594 2684 Propertii
614 2616 690 2668 disti-

177 2697 247 2751 ebon
259 2695 342 2750 fulcro
348 2696 437 2760 sumit,
448 2696 518 2764 quasi
528 2714 621 2747 omnes
630 2714 690 2763 poe·

179 2788 212 2831 tc
226 2775 321 2830 iisdem
331 2775 417 2827 verbis
438 2774 475 2825 nsi
493 2783 592 2832 essent,
614 2790 688 2825 more

178 2855 286 2922 oriam,
304 2873 361 2924 quae
375 2873 427 2905 una
439 2863 496 2922 post
508 2851 633 2917 alteram,
652 2850 690 2902 ri-

180 2954 243 2990 sun
259 2934 404 3000 eumdem,
421 2934 514 2986 eodem
526 2933 634 3002 vestigio
647 2933 690 2985 in-

179 3014 256 3078 aioe,
264 3011 422 3066 transiliunt.
433 3012 486 3063 Nos
498 3009 636 3063 lectionem
646 3014 694 3062 ani

179 3112 210 3147 es
220 3092 401 3147 vetustissimis
409 3090 510 3144 Perreii
518 3089 644 3158 excerptis
651 3107 690 3140 re·

180 3170 346 3233 voravimus,
370 3165 539 3234 probantibus
559 3166 595 3217 Η.
614 3167 689 3218 Voss.

181 3243 479 3301 Ruenwmmertich.
487 3254 514 3296 et
522 3242 601 3297 Baeb.
611 3242 690 3297 Codi-

180 3346 222 3381 oes
235 3325 292 3380 sere
303 3343 397 3378 ornnes
409 3343 491 3376 vanas
499 3324 538 3376 vel
547 3343 613 3376 anas
621 3324 692 3377 exbi-

179 3403 260 3470 bent,
273 3401 320 3456 sed
341 3420 407 3454 aaus
417 3421 432 3453 e
444 3402 579 3470 scripturae
590 3401 690 3454 mendo

180 3493 271 3536 mum
290 3476 397 3534 videtur
411 3499 416 3532 :
432 3479 530 3532 sesim
547 3480 691 3534 adheserat

179 3582 210 3615 es
220 3561 343 3632 sequenti
353 3577 415 3614 voee
425 3599 433 3626 ‚
446 3570 503 3612 tum
511 3565 569 3613 sais
577 3557 649 3612 laeile
660 3560 689 3612 in

180 3659 243 3694 sess
250 3649 393 3693 mutatum.

193 3734 234 3787 qr.
244 3720 384 3782 Vidit-50...
392 3725 440 3768 ete
448 3712 692 3783 Scaligerimmuta·

178 3795 214 3849 rit
223 3795 291 3850 bane
301 3795 447 3866 genuinam
456 3795 596 3848 lectionem
606 3834 614 3861 ,
625 3794 691 3847 seri·

178 3873 278 3944 pn'tque
295 3897 308 3919 «
324 3872 388 3925 Vidi
400 3874 501 3944 egoqui
510 3874 636 3941 juvenem
648 3892 691 3926 se·

178 3952 338 4007 roedesbset
345 3971 455 4006 amores.
466 3975 479 3999 ¹·
487 3953 541 4006 Sed
550 3953 690 4021 eoujeetu-

180 4051 236 4086 nm
245 4035 328 4087 textui
336 4031 480 4086 obtrudere
489 4051 545 4085 non
556 4052 633 4086 ausus
643 4043 693 4085 est.

180 4110 314 4165 Beooekls.
323 4109 397 4180 quasi
407 4113 525 4165 tessare-1
532 4149 540 4175 ‚
547 4110 673 4163 exclamat
683 4127 693 4162 τ

181 4211 194 4234 s
209 4190 271 4244 Non
283 4207 392 4260 possum
407 4207 463 4242 aon
474 4188 596 4258 amplecti
608 4187 693 4242 Scali-

738 1689 792 1757 geri
801 1689 1026 1744 emendationem.
1038 1713 1050 1736 u
1061 1690 1115 1744 Nos
1123 1711 1186 1744 vero
1193 1694 1248 1745 vul·

737 1768 983 1836 gatamseripturam
990 1787 1141 1836 sequantur,
1149 1788 1199 1838 qua
1211 1769 1249 1822 ni·

738 1842 774 1895 bil
783 1842 1015 1914 faciliusproeedit.
1023 1847 1104 1898 Poeta
1117 1847 1188 1899 enim
1202 1866 1247 1899 eos

738 1923 1248 1991 maximevituperatqnijuvenes‚aman·

739 1999 805 2049 tium
818 2001 884 2051 mala
897 2001 1024 2062 irrident;
1043 2002 1164 2070 idemque
1178 2005 1246 2057 vati·

740 2074 954 2141 einaturlore‚ut
962 2098 1037 2130 senes
1045 2079 1124 2132 iidem
1135 2081 1249 2150 aliquan·

740 2153 775 2205 do
792 2155 906 2206 Veneris
920 2157 981 2224 jugo
998 2155 1063 2208 eolla
1083 2158 1248 2212 submittant.

740 2232 1247 2305 ladereenimidemesthoclocoquam

739 2313 846 2362 1'rridcre.
853 2309 974 2382 Heynius
979 2313 1098 2378 J'reveanta
1104 2335 1202 2369 amares
1209 2338 1250 2370 ae-

740 2384 791 2438 tive
808 2387 964 2455 explicavit;
987 2406 1082 2456 nempe
1104 2391 1198 2458 quibus
1220 2395 1247 2446 in

740 2462 1249 2532 puellosferuntur:quoeireaSantenius

740 2541 813 2593 illum
823 2562 962 2610 perperam
974 2544 1146 2612 reprehendit
1155 2568 1162 2609 ;
1175 2553 1252 2614 quasi

739 2619 765 2671 id
773 2629 898 2687 argentea·
904 2633 970 2674 esset
979 2625 1122 2674 latinitatis.
1135 2623 1246 2676 Senten.

741 2698 781 2751 bic
797 2707 959 2774 ratisponens
972 2700 1160 2767 subintelligit,
1174 2712 1200 2752 el
1212 2703 1249 2755 sic

740 2775 806 2828 bane
828 2775 1035 2829 venustissimam
1056 2776 1173 2845 Elegiam
1195 2778 1249 2829 see-

740 2855 803 2906 dum
816 2855 843 2906 in
857 2854 967 2906 modum
976 2855 1145 2907 contaminat.
1237 2856 1242 2863 '

771 2934 812 3005 93.
827 2935 923 2984 Etsibi
936 2934 1075 2984 blanditias
1087 2942 1135 2985 ete.
1150 2931 1249 2988 &eum

739 3008 914 3079 premeditari
932 3026 1067 3061 sermones
1086 3011 1249 3078 amatorios,

739 3087 834 3156 quibus
846 3085 965 3138 animum
980 3085 1072 3155 puelloe
1086 3087 1249 3155 aggredere-

739 3174 801 3215 tur:
813 3165 848 3216 ita
858 3182 964 3232 quoqne
972 3163 1092 3232 Vulpius.
1104 3165 1165 3217 Non
1180 3166 1248 3218 bene

739 3243 871 3297 Brouddr.
883 3243 916 3296 de
932 3243 1028 3314 Elegiis
1038 3245 1170 3297 amatoriis
1180 3245 1250 3298 acei-

738 3325 783 3392 pit.
796 3325 888 3377 Haste.

771 3404 811 3474 94.
829 3405 907 3455 Velle
920 3401 1051 3456 Brouekb.
1064 3412 1091 3455 et
1102 3403 1191 3475 Heyn.
1199 3403 1249 3457 exi·

738 3478 846 3531 stimant
854 3478 987 3532 abundare
1001 3478 1049 3532 boe
1059 3478 1117 3533 loeo
1129 3488 1153 3534 τὸ
1166 3485 1246 3542 velie,

738 3555 784 3608 sed
796 3574 945 3627 perperam.
954 3557 1043 3610 Senex
1054 3559 1126 3610 enim
1141 3559 1189 3611 etsi
1200 3577 1249 3611 eo-

739 3653 795 3688 mas
807 3633 907 3706 lingere
920 3637 991 3701 vult,
1002 3653 1056 3688 non
1072 3645 1165 3705 potest.

772 3733 812 3786 97.
821 3716 985 3767 circumterit.
993 3712 1248 3782 lnquibusdameod.

739 3787 834 3857 legitur
844 3797 1019 3853 circumstetit,
1033 3793 1060 3843 iu
1073 3792 1127 3844 aliis
1141 3799 1251 3844 cs'rcam-

738 3875 812 3922 aeait.
830 3869 946 3938 Scaliger
963 3889 993 3922 er
1006 3868 1114 3938 ingenio
1137 3875 1250 3922 ciram·

738 3955 828 4017 strepet
844 3950 968 4019 reposuit.
983 3954 1160 4004 Circenrterere
1177 3950 1250 4003 idem

740 4039 779 4082 est
790 4029 861 4098 quod
869 4048 994 4098 premere,
1010 4048 1102 4096 argere.

772 4110 813 4180 qd.
823 4110 934 4175 Despuit
940 4114 968 4160 ia
980 4118 1029 4161 ete.
1040 4109 1134 4162 Nescio
1141 4124 1194 4176 quo
1202 4107 1252 4158 im-

739 4185 862 4240 mutendi
878 4185 1010 4241 desiderio
1022 4196 1113 4255 eaptus
1128 4185 1165 4237 tt.
1176 4185 1250 4237 Voss
