2834 4996
182 444 202 506 8
522 444 666 513 ALBII
694 444 911 513 TIBULLI

228 580 296 651 Ner
316 607 443 680 semper
460 579 568 676 longae
583 582 716 658 deditus
734 613 802 658 esse
819 585 899 671 viae3

179 693 246 766 Sed
265 695 365 767 Canis
384 695 513 770 aestivos
533 715 626 772 ortus
643 700 744 774 vitare
761 700 824 774 sub
843 699 963 774 umbra

227 809 384 897 Arboris,
404 811 443 884 ad
461 812 549 888 rivos
566 818 792 915 pretereuntis
812 844 914 916 aquae.

178 1002 371 1073 interpolatoris
387 1023 497 1059 manum
512 1006 629 1060 olentem
644 1028 689 1060 re-

178 1081 295 1149 jiriamns
303 1121 310 1146 ,
319 1092 345 1135 et
354 1081 492 1136 lectionem
500 1083 558 1137 eod.
568 1084 686 1140 Asrkew,

179 1170 205 1212 et
221 1159 411 1212 Guellrrliitani
429 1159 498 1212 tertii
519 1160 686 1223 adoriamur,

176 1239 280 1305 scilieet,
288 1243 348 1291 Jam
355 1244 428 1293 modo
435 1260 615 1307 nuncpossum.
623 1242 686 1293 llaec

176 1319 276 1386 pariter
289 1319 429 1386 rejicienda
447 1329 506 1382 est,
530 1318 589 1370 liret
605 1318 686 1370 Barla.

176 1414 234 1446 eam
245 1396 376 1463 amplexus
383 1396 416 1447 sit
425 1417 431 1457 ;
447 1414 509 1446 nam
518 1395 571 1447 aliis
578 1393 685 1448 codicib,

176 1473 334 1527 adversatur.
344 1475 435 1542 Neque
447 1474 471 1525 J.
483 1475 517 1526 ll,
530 1473 601 1526 Voss.
613 1474 686 1526 litem

175 1550 274 1603 dirimit
286 1591 293 1616 ,
303 1553 346 1619 qni
358 1553 384 1604 in
395 1563 494 1605 textum
507 1551 605 1623 Guyeti
615 1571 685 1604 rnn-

174 1632 301 1698 jerturam
315 1630 420 1695 invexit,
433 1631 549 1698 quamvis
557 1630 634 1683 nullis
644 1650 685 1682 ro·

174 1710 273 1764 ditibus
283 1711 296 1760 l
295 1711 374 1764 ultam
384 1713 457 1763 :lam
467 1714 552 1769 modo,
558 1711 684 1776 jampos-

174 1808 236 1841 mrm.
256 1789 373 1842 llustlrk.
396 1809 503 1842 omnem
523 1810 611 1840 versus
628 1787 684 1839 du-

173 1867 261 1918 ritiem
278 1876 355 1934 atque
371 1867 494 1918 orationis
517 1865 681 1918 insolentiam

173 1943 229 1997 tolli
239 1963 310 2011 posse
322 1955 411 2012 putat,
424 1944 469 1996 liar
478 1943 619 1996 verborum
630 1955 684 1996 tra·

172 2023 286 2090 jectione
300 2042 305 2075 :
318 2026 378 2074 lam
390 2043 509 2088 possem.
528 2026 602 2075 modo
619 2042 681 2081 non,

172 2111 303 2155 contentus
323 2107 404 2155 eriere
412 2123 491 2170 parvo
505 2101 682 2155 :sententiam

172 2200 246 2233 snam
267 2179 381 2233 llusrlrle
398 2181 434 2232 sie
452 2180 585 2232 declarat:
602 2201 615 2224 «
638 2180 683 2232 Ait

173 2260 305 2322 Tibullus,
318 2278 390 2327 posse
403 2278 429 2310 se
442 2276 514 2309 nnnc
526 2267 682 2309 contentum

172 2339 259 2390 vivere
280 2355 359 2406 parvo
374 2357 380 2395 ;
398 2335 442 2389 sed
462 2355 515 2386 non
543 2334 658 2386 absolute
674 2356 680 2395 ;

173 2415 407 2486 quandoquidem,
428 2426 457 2467 ut
473 2415 560 2467 srribit
580 2414 619 2465 IV
628 2453 635 2477 ,
654 2429 680 2475 1,

172 2514 236 2547 vers.
263 2497 327 2558 188,
350 2496 497 2545 deserentem
519 2502 635 2561 superest
658 2501 684 2543 et

171 2593 232 2627 cura
243 2585 355 2633 noratur,
368 2577 448 2638 Quum
456 2593 547 2625 memor
552 2582 682 2624 anteactos

171 2670 269 2719 semper
278 2654 350 2702 dolor
359 2652 475 2703 admone!
489 2669 577 2701 annos.
594 2649 682 2718 Pergit

172 2730 288 2784 llusclik
307 2728 480 2798 adsumatque
503 2728 552 2783 hoc
571 2729 680 2781 unirea

171 2809 320 2863 doctissimo
337 2809 469 2863 Sclrnlero
484 2809 587 2878 probari
601 2830 607 2871 ς
628 2807 680 2860 de-

170 2890 251 2956 nique
264 2889 352 2942 addit:
368 2912 381 2934 «i
403 2889 451 2941 l'el
463 2888 498 2941 sic
514 2899 602 2941 tamen
618 2906 680 2939 ma-

170 2966 216 3018 lim
225 2967 538 3036 rersuminterpungere:
551 2970 680 3032 lampor-

169 3066 243 3106 sum,
265 3051 338 3101 modo
358 3067 407 3099 non
428 3058 573 3107 conteretur,
600 3052 680 3098 vr'rere

164 3142 257 3188 pomo,
276 3133 304 3175 nt
319 3122 440 3174 adverbia
449 3124 507 3187 jam
520 3135 546 3176 et
561 3127 634 3177 modo
645 3122 678 3175 de

169 3198 272 3250 diverso
297 3210 413 3267 tempore
427 3210 585 3264 sumantur,
597 3220 678 3266 pareo

170 3286 260 3329 autem
272 3275 399 3328 reseratur
413 3276 489 3327 simul
504 3274 536 3328 ad
547 3287 678 3328 contentus

168 3367 194 3409 et
216 3355 247 3408 ad
264 3360 362 3411 urbere.
384 3355 449 3406 sirut
470 3354 537 3422 apud
557 3356 677 3424 Proper-

168 3437 253 3499 tium,
270 3435 325 3498 lll,
341 3450 389 3497 ιιι,
405 3435 445 3505 39.
456 3456 468 3478 n
480 3434 579 3487 Sensus
590 3435 676 3503 itaque

167 3514 216 3566 lori
230 3513 322 3579 liujus,
335 3512 355 3565 si
370 3513 505 3566 llusrlrlrio
514 3515 675 3579 consentias,

167 3593 218 3645 erit
231 3612 237 3643 t
251 3595 295 3644 r'lle
303 3612 349 3657 ego
356 3593 478 3658 primodo
488 3610 538 3643 non
548 3602 677 3644 contentus

165 3689 233 3721 eram
241 3689 330 3734 parvo.
336 3669 395 3733 jam
403 3687 505 3733 possum
510 3689 589 3734 parvo
597 3674 677 3721 virere

165 3756 312 3805 contentus:
323 3744 357 3796 ita
371 3743 412 3797 hic
422 3764 510 3797 versus
518 3755 544 3797 et
556 3754 608 3797 tota
619 3746 676 3799 Ele-

167 3826 209 3896 gia
220 3823 318 3895 opponi
330 3824 426 3894 poterit
435 3824 491 3877 loco
500 3825 610 3892 querulo
621 3844 677 3878 rar·

166 3906 245 3958 minis
257 3905 283 3957 in
296 3904 452 3970 lllessalarn(
462 3906 569 3975 r8a·rqr
580 3906 605 3968 ),
619 3923 676 3957 ma-

165 3983 249 4036 turius
273 3981 342 4035 lrand
361 3980 438 4032 dabie
458 3991 484 4031 et
503 3999 535 4031 eo
557 3991 675 4048 tempore

160 4059 675 4132 seripti,quonondnmpars-orontentus

160 4151 218 4199 erat
231 4139 256 4196 Τ
257 4137 358 4190 ilnrllns.
373 4136 467 4201 tides,
484 4135 564 4189 amice.
577 4137 673 4204 lector,

160 4234 258 4290 <quanta
277 4213 413 4286 diligentia
427 4213 589 4271 doctissimus
604 4217 674 4284 quis-

736 1029 786 1079 que
800 1006 929 1064 huic'loro
944 1012 1015 1080 quasi
1027 1014 1157 1070 mendoso
1168 1037 1249 1088 oprrn

735 1088 804 1142 lerre
820 1090 948 1153 voluerit;
966 1109 1015 1145 nec
1032 1091 1129 1148 desunt
1144 1095 1191 1148 tilii
1206 1096 1249 1151 le-

734 1168 833 1220 ctiones
843 1169 914 1221 inter
925 1188 987 1238 quas
999 1169 1094 1241 eligere
1105 1175 1193 1243 possis.
1204 1175 1249 1229 n·

734 1256 791 1296 ceat
801 1256 890 1298 tarnen
900 1258 926 1300 et
935 1248 1010 1302 nobis
1017 1252 1178 1305 sententiam
1190 1273 1248 1323 pro

734 1323 804 1376 serre
818 1325 1020 1393 simpliciorem,
1039 1348 1098 1396 qun
1116 1330 1190 1384 nulla
1202 1350 1249 1385 ra·

733 1401 825 1454 rietate
833 1402 957 1468 lectionis,
964 1424 1050 1475 neque
1059 1407 1245 1461 immutatione

737 1478 844 1549 indiget.
868 1479 981 1552 Cyllenii
1005 1485 1176 1552 parenthesin
1195 1486 1244 1539 ad-

733 1555 831 1619 mittas,
841 1555 970 1626 simulque
982 1560 1109 1614 llusrlrkii
1118 1563 1247 1632 interpre-

732 1641 877 1700 tationem,
895 1655 952 1706 qun
969 1638 1043 1691 nullo
1062 1641 1144 1694 modo
1160 1643 1245 1711 traje-

733 1712 848 1766 ctionem
857 1713 888 1765 ab
895 1712 940 1765 illo
948 1718 1107 1785 propositam
1116 1718 1227 1787 requirit
1237 1739 1244 1772 :

732 1791 1244 1863 etnilriljamimpediet,qunminusltit

731 1889 821 1922 versus
830 1869 963 1939 eleganter
975 1883 1002 1924 et
1013 1872 1085 1926 laeile
1094 1874 1227 1944 procedat.

765 1947 804 1999 26.
817 1949 910 2014 longe
924 1952 1023 2002 deditus
1035 1969 1090 2003 esse
1105 1957 1160 2004 ur'ae.
1178 1952 1243 2006 Hoc

732 2025 810 2077 verba
822 2026 855 2077 ali
867 2027 975 2096 lleynio
987 2028 1103 2080 contorti
1115 2029 1243 2082 sermonis

730 2112 757 2153 et
775 2101 872 2179 ingenii
889 2121 943 2154 esse
959 2102 1101 2170 dicuntur,
1117 2104 1163 2173 qui
1182 2123 1243 2158 mos

730 2178 800 2232 addit
808 2219 813 2231 .
821 2191 906 2233 totum
913 2180 1040 2235 distichon
1051 2182 1077 2234 h.
1086 2183 1102 2235 l.
1110 2182 1241 2237 sublatum

729 2276 782 2309 esse
791 2258 877 2311 velim.
892 2258 1027 2312 Lucretius
1039 2269 1128 2312 tamen
1140 2271 1167 2313 et
1178 2259 1242 2314 Ori·

729 2334 787 2389 dius
810 2336 916 2389 Tibullo
939 2357 1017 2406 opem
1039 2337 1117 2393 laturi
1143 2349 1238 2408 presto

727 2426 804 2477 sunt;
823 2435 936 2483 qnorum
950 2416 1038 2484 prior,
1052 2415 1095 2468 lib.
1112 2417 1162 2482 lV,
1175 2436 1240 2471 vers.

728 2493 863 2563 qqyjagoe
872 2492 1062 2556 deaitusdmin
1078 2493 1159 2558 alter,
1174 2493 1241 2548 Met.

729 2571 813 2636 Xlll,
827 2592 872 2643 qai
887 2612 894 2636 ,
913 2574 1020 2626 Dedr'trrs
1037 2577 1175 2641 equorr'bus
1181 2574 1240 2641 jau

727 2658 779 2702 tum
789 2655 924 2704 exercebar
932 2659 960 2703 r'rr
971 2656 1032 2704 illis.

762 2748 800 2794 ²7·
811 2727 921 2781 Bentlei.
933 2728 964 2780 ad
977 2728 1080 2781 lloratii
1091 2728 1118 2794 l,
1132 2728 1187 2782 Sat
1196 2745 1240 2795 vr,

730 2806 788 2869 sali,
796 2811 861 2858 ictus
868 2807 998 2876 corrigere
1011 2807 1103 2860 maluit
1113 2808 1179 2861 eitra
1190 2828 1241 2862 ne-

726 2882 879 2934 cessitatem.
889 2883 957 2935 Nam
969 2885 1097 2937 maximus
1109 2895 1138 2937 ut
1149 2885 1240 2954 splen·

726 2957 790 3022 dor,
812 2960 847 3012 ita
871 2973 946 3015 aestus
969 2963 1094 3016 tribuitur
1112 2964 1239 3018 canicule

726 3037 829 3089 orienti.
844 3038 944 3092 rllraens
956 3039 1050 3095 cecinit
1064 3059 1072 3095 ι
1084 3051 1177 3101 Aerias
1188 3050 1239 3096 Sri-

725 3140 775 3187 μνῳ
796 3121 836 3170 dxl
856 3120 967 3171 alatrino
991 3118 1098 3189 Ketipoer'
1121 3121 1238 3196 irrepserit

727 3203 801 3263 puysie
812 3202 880 3258 κυνές.
898 3199 1048 3264 llomerus,
1064 3197 1140 3253 ulid.
1153 3208 1192 3265 E,
1204 3200 1237 3267 d,

726 3292 805 3341 quem
819 3275 880 3326 citat
895 3274 1011 3327 Huschk.
1026 3286 1081 3330 Ante
1096 3282 1121 3330 di
1136 3279 1160 3329 ia
1172 3282 1240 3347 xs'pv·

727 3357 760 3410 tie
772 3377 794 3405 rr
809 3362 849 3406 καί
866 3354 962 3412 dorida
981 3355 1097 3420 ἀκάματον
1112 3365 1153 3426 trip
1165 3341 1238 3430 draip

728 3432 827 3505 irolrrrq]
841 3435 962 3499 ieoeiiprrer
975 3437 996 3491 ἔς
1008 3457 1031 3487 τι
1047 3436 1151 3500 μάλιστα
1165 3445 1237 3502 Δαμ-

725 3532 777 3577 sps-r
786 3513 930 3581 reppererat
943 3550 950 3574 ,
965 3515 1091 3578 lrirupirse
1102 3522 1221 3566 mimate.

759 3590 796 3638 28.
811 3594 857 3641 Ad
865 3597 936 3642 risos.
948 3590 974 3642 J.
987 3590 1022 3642 Η.
1034 3592 1107 3643 Voss.
1121 3592 1176 3645 linc
1188 3610 1237 3644 vn·

724 3665 1237 3734 cabulasupe'riorisversuovoceaestr'ror

724 3755 847 3813 corrupta
858 3765 913 3798 esse
925 3743 1001 3809 dicit,
1016 3745 1235 3815 amplectiturque

723 3824 901 3888 conjecturam
918 3823 1080 3889 Burmanni,
1094 3830 1173 3876 rr'rrrm
1195 3823 1235 3878 vel

723 3909 802 3968 n'pam
816 3903 928 3955 seribere
941 3904 1055 3972 jubentis
1065 3925 1071 3964 ς
1083 3902 1128 3957 sed
1138 3923 1233 3973 perpe·

724 4000 780 4032 ram
791 4002 797 4041 ;
808 3982 866 4034 lieet
879 3982 950 4034 enim
962 3983 1079 4051 exempla
1090 3995 1231 4053 congerat,

724 4060 767 4111 ulsi
782 4061 850 4111 rivus
862 4062 985 4129 singulari
998 4082 1112 4114 numero
1124 4083 1233 4133 usurpa·

724 4148 784 4201 tur,
798 4137 861 4188 nilril
875 4137 924 4191 lroc
934 4139 1015 4191 modo
1027 4140 1163 4208 proliciet;
1183 4160 1232 4195 nee

724 4214 851 4284 impedire
861 4219 965 4286 poterit,
974 4238 1027 4289 quo
1035 4220 1123 4274 minus
1130 4221 1179 4275 alia
1189 4222 1232 4275 in-
