2834 4996
384 468 689 534 enarmonia
713 455 780 528 ΕΤ
801 458 1009 530 sontem.

322 603 440 674 Denique
453 601 485 654 ab
499 601 600 653 incauto
611 600 722 652 nimium
734 597 796 672 petit
808 597 853 649 ille
863 597 970 664 marito,

356 693 389 745 Se
403 710 504 764 quoque
516 690 552 743 uti
564 703 661 757 servet,
675 701 762 759 peccet
773 701 801 740 ut
813 687 960 756 illajminus.

326 785 380 836 Scit
391 783 433 835 cui
444 783 563 849 latretur,
577 801 655 852 quum
666 780 733 835 solus
746 777 891 833 obambulat
904 778 969 852 ipsc,

357 873 410 926 Cur
420 874 492 926 toties
506 872 602 926 clausas
614 885 722 925 exscreet
736 884 793 925 aute
805 871 880 924 sores.

323 965 454 1036 Multaque
468 964 510 1017 dat
521 963 578 1017 talis
588 964 647 1016 turri
659 977 797 1036 precepta,
812 963 934 1034 docetque

360 1056 417 1124 Qua
430 1069 514 1128 nuptm
522 1055 620 1127 possint
630 1054 716 1108 fallere
730 1054 761 1108 ab
774 1067 826 1106 arte
838 1053 915 1105 viros.

323 1147 378 1199 Nec
391 1147 440 1199 luit
451 1145 550 1199 bocilli
561 1146 660 1209 fraudi3
672 1146 815 1218 legiturque
825 1143 956 1213 Tibullus,
982 1154 985 1160 '

358 1232 391 1283 Et
403 1231 502 1304 placet:
515 1233 601 1302 etjam
614 1245 638 1284 te
653 1232 765 1305 principe
778 1245 854 1284 notus
868 1243 926 1282 erat.

500 1375 598 1450 ldem,
617 1376 705 1436 Trist.
719 1375 774 1449 lV,
786 1392 828 1448 x,
844 1373 893 1437 51.

326 1505 465 1577 Virgilium
477 1506 532 1558 vidi
544 1520 658 1557 tantum:
672 1525 719 1557 nec
732 1525 806 1558 avara
818 1504 921 1557 Tibullo

356 1597 466 1670 Tempus
479 1596 596 1651 amicitis,
608 1597 657 1649 fata
672 1597 762 1649 dedere
775 1615 845 1648 mete.

324 1686 457 1739 Successor
468 1688 518 1739 luit
527 1686 571 1738 hie
582 1686 645 1751 tibi,
658 1684 732 1737 Galle
742 1705 749 1748 ;
764 1685 906 1757 Propertius
921 1683 970 1737 illi:

363 1777 472 1843 Quartus
483 1774 515 1826 ab
527 1773 566 1827 bis
579 1775 643 1826 serie
654 1775 772 1847 temporis
783 1775 837 1847 ipse
848 1767 895 1826 fuis

429 1916 632 2012 ldem,1bid,
654 1917 717 2010 Lib.
734 1919 777 1992 V,
796 1936 827 1991 1,
849 1917 956 1981 15-18.

331 2048 440 2100 Delicias
452 2048 473 2099 si
485 2048 555 2119 quis,
569 2047 713 2117 lascivaque
726 2048 837 2110 carmina
850 2048 953 2117 quaerit,

356 2140 521 2205 Promoneo,
534 2157 666 2210 uunquam
679 2139 770 2212 scripta
781 2140 851 2210 quod
862 2140 908 2192 ista
918 2139 994 2210 legat.
1047 2125 1049 2129 Ι

331 2231 421 2304 Aptior
434 2231 494 2283 huic
507 2229 607 2294 Gallus,
618 2230 757 2303 blandique
769 2230 912 2304 Propertius
925 2230 991 2298 oris,

364 2323 471 2393 Aptior,
486 2318 620 2394 ingenium
634 2341 720 2388 come,
736 2320 851 2374 Tibullus
866 2322 920 2373 erit.

247 2463 283 2524 C.
299 2465 463 2524 Venustus
477 2464 706 2538 Paruncunus,
723 2464 802 2523 Ht'st.
816 2463 878 2523 Lib.
891 2465 939 2539 ΙΙ,
957 2487 1019 2548 cap.
1037 2482 1145 2527 xxxvr.

206 2598 293 2659 Paene
308 2597 393 2657 stulta
408 2609 452 2657 est
463 2597 664 2657 inhaerentium
676 2596 767 2656 oculis
783 2596 966 2679 ingeniorum
978 2599 1172 2659 enumeratio:
1187 2600 1235 2660 in-

167 2718 211 2764 ter
226 2728 291 2786 qnae
306 2705 423 2765 maxime
438 2704 529 2765 nostri
545 2703 598 2767 aevi
613 2702 755 2777 eminent,
767 2704 899 2784 princeps
913 2704 1067 2764 carminum
1077 2706 1234 2786 Virgilius,

167 2810 378 2894 Rabiriusque,
406 2822 434 2872 et
457 2822 630 2871 consecutus
654 2810 818 2870 Sallustium
836 2810 959 2885 Livius,
989 2810 1177 2892 Tibullusque
1206 2825 1235 2873 et
1280 2842 1283 2847 ·

170 2919 263 2992 Naso,
280 2917 476 3000 perfectissimi
490 2916 521 2976 in
534 2916 626 2978 forma
643 2915 738 2998 operis
752 2917 807 2978 sui.

230 3080 271 3138 ll.
286 3080 401 3138 Festus
421 3080 679 3152 Quiuauusnus,
697 3077 794 3136 Inste't.
810 3075 910 3150 orae,
929 3074 990 3135 Lib.
1006 3077 1052 3143 X,
1070 3100 1133 3158 cap.
1154 3095 1176 3138 t.

208 3210 308 3295 Elegia
329 3213 450 3272 Graecos
473 3232 587 3291 quoque
612 3229 818 3290 provocamus,
839 3209 919 3290 cujus
941 3209 1011 3307 mihi
1034 3222 1126 3271 tersus
1150 3223 1234 3293 atque

166 3317 280 3401 elegans
294 3319 413 3378 maxime
425 3316 540 3378 videtur
553 3327 653 3377 auctor
669 3314 811 3376 Tibullus.

321 3477 355 3536 P.
372 3477 525 3536 Papinius
541 3473 692 3547 snnns,
707 3473 769 3533 Lib.
785 3475 818 3548 l,
833 3474 900 3534 Silo.
914 3490 953 3547 11,
971 3498 999 3538 v.
1014 3471 1084 3535 252.

363 3642 403 3654 .....
413 3604 490 3654 liuns
500 3603 568 3675 ipse,
581 3601 658 3654 choro
671 3600 819 3669 plaudente,
833 3600 944 3654 Philetas

334 3692 551 3764 Callimachusque
566 3713 656 3759 senex,
671 3692 816 3763 Umbroque
827 3693 971 3767 Propertius
984 3707 1057 3747 antro

332 3787 476 3841 Ambissent
490 3785 592 3838 laudare
605 3783 687 3848 diem;
700 3803 747 3836 nec
761 3785 837 3837 tristis
850 3785 879 3837 in
893 3785 952 3858 ipsis

330 3880 400 3933 Naso
414 3878 519 3944 Tomis,
535 3877 654 3946 divesque
665 3877 722 3928 foco
735 3874 834 3928 lucente
848 3874 974 3929 Tibullus.
1046 3934 1055 3947 ι

316 4024 356 4081 Μ.
376 4023 536 4081 Vacemus
556 4021 748 4093 Manutius,
767 4018 829 4077 nst.
846 4019 1085 4102 lV‚Ep1'gr.v1.

461 4149 550 4218 ...Qui
562 4147 710 4221 compositos
721 4160 800 4199 metro
812 4144 922 4215 Tibulli,

430 4241 460 4292 ln
474 4238 559 4293 stelle
570 4239 656 4292 recitat
667 4237 743 4290 domo
755 4236 862 4290 libellos.
