2806 5002
165 386 267 465 xxxviij
557 384 617 443 un
648 383 845 447 sinuum

165 516 241 598 logia
250 518 312 577 Lat.
325 517 481 576 'Burmanni
497 526 609 587 exstat,
622 526 692 575 torn.
711 517 750 583 Ι,
766 538 795 592 p.
809 517 890 585 620,
908 512 956 572 lib.
975 515 1039 587 ΙΙΙ,
1058 518 1218 593 (ιιιιιιιίι)

163 627 265 687 tum,‹
266 613 541 696 ‹Versushugusti,
552 616 696 674 utaiunt:
713 616 812 673 Thrac
822 636 944 694 puer..
938 616 1025 691 (Ε
1013 614 1222 697 stepigramma

164 715 244 796 quod
255 713 302 774 alu
313 714 393 775 Julao
403 714 529 789 Caesarr,
543 713 640 775 aliiC.
652 713 759 773 caesari
771 712 945 774 Germanico
955 712 1137 783 adscribunt
1154 724 1225 774 exsta

165 838 252 895 quum
260 837 290 875 m
302 814 452 875 Catalectis
464 828 527 875 tum
539 837 569 874 an
580 812 703 874 Anthol
715 814 777 871 Lat.
787 825 830 873 to.
840 816 869 872 ll
878 836 929 891 ,p.
922 810 980 873 ,62
991 812 1115 894 ,Epign
1123 812 1223 875 XCII

206 916 259 975 lV
275 913 333 990 65,
353 940 387 987 2,
404 914 519 976 octonis
534 913 684 995 oblongis;
702 934 888 997 pergamenus
906 912 1086 974 tenuioribus
1106 912 1219 997 paginis

163 1012 247 1092 pictis
262 1015 364 1075 litteris
380 1013 544 1073 initialibus.
563 1012 758 1074 Continentur
769 1013 899 1074 Catullus
913 1012 1116 1092 (primosolio
1126 1034 1222 1073 manus

162 1126 289 1177 ‘veterem
305 1115 455 1176 annutante
470 1113 636 1194 suppletus)
657 1112 811 1185 Tibullus3
834 1113 959 1195 subjecta
980 1112 1070 1195 elegia
1090 1112 1190 1175 Ovidii
1211 1113 1220 1172 i

166 1214 275 1276 Tibulli
296 1224 437 1286 mortem,
457 1213 614 1271 Memnona
631 1216 660 1271 si
674 1224 782 1285 muter;
799 1225 829 1272 et
848 1215 937 1275 altero
955 1215 1079 1275 carmine
1098 1234 1106 1272 t
1123 1212 1221 1273 Juoem

166 1317 216 1395 qui
222 1334 332 1394 pauper
341 1322 403 1372 emt
418 1334 428 1368 .·
448 1310 556 1371 omisso
571 1313 638 1372 Hic.
658 1314 693 1370 ln
709 1311 765 1372 fine
781 1311 904 1393 subjecta
920 1325 965 1373 est
980 1313 1069 1394 elegia
1084 1310 1140 1371 viri
1164 1311 1219 1372 doc

167 1413 203 1472 ad
220 1414 340 1474 Deliam.

209 1512 254 1571 Ea
270 1512 315 1570 his
332 1508 479 1570 codicibus
494 1510 603 1587 primus
620 1523 649 1569 ct
668 1520 784 1591 quartus
802 1510 833 1567 in
855 1509 951 1568 multis
970 1510 1174 1581 conveniunt,
1193 1510 1219 1570 in

167 1609 266 1689 primis
278 1610 309 1669 in
325 1609 421 1687 priore
431 1608 506 1672 libro
519 1609 587 1669 etin
598 1609 658 1669 aliis
670 1609 823 1668 carminum
835 1606 959 1689 partibus
970 1630 978 1679 3
991 1619 1113 1688 possunt
1126 1629 1219 1689 quoqu

167 1712 297 1770 incertis
313 1709 438 1787 partibus
448 1710 483 1770 ad
493 1710 602 1771 sontem
620 1728 800 1769 communem
817 1705 916 1768 referri
931 1705 1069 1767 secundus
1081 1717 1110 1765 et
1120 1706 1219 1766 tertius

168 1831 221 1871 nec
237 1823 332 1871 tamen
349 1812 408 1884 sie,
422 1822 456 1870 ut
469 1833 503 1872 ex
517 1811 619 1870 codem
636 1820 757 1890 uterque
767 1806 918 1883 exemplari
930 1805 1064 1883 descripti
1077 1826 1139 1867 csse
1153 1806 1218 1867 vide

168 1911 291 1989 possint.
299 1912 435 1984 Scilicet,
447 1911 525 1992 quod
536 1909 565 1969 in
574 1908 721 1969 codicibus
734 1906 929 1988 comparandis
942 1927 1016 1983 saepe
1026 1906 1144 1967 miratus
1156 1930 1218 1967 sum

169 2032 257 2090 quum
270 2011 442 2071 conveniant
453 2008 597 2069 interdum
609 2010 640 2067 iu
657 2028 716 2067 uno
732 2008 777 2067 vel
792 2006 882 2068 altero
894 2006 979 2079 loco,
996 2006 1041 2066 vel
1057 2004 1122 2066 libri
1140 2018 1217 2087 parte

170 2122 203 2169 ut
212 2111 298 2171 unius
311 2111 494 2191 ejusdemque
509 2107 616 2168 codicis
626 2108 787 2189 apographa
801 2128 862 2167 csse
878 2105 1044 2179 videantur,
1060 2106 1092 2165 in
1106 2106 1168 2167 aliis
1182 2128 1217 2189 pa

170 2210 247 2269 tibus
264 2210 336 2271 adro
355 2210 431 2270 inter
444 2230 475 2269 sc
489 2207 666 2285 discrepant,
684 2220 718 2267 ut
733 2208 768 2266 ad
782 2207 903 2269 diversas
923 2206 1025 2284 stirpes
1041 2226 1092 2266 eos
1107 2228 1216 2269 revocat

173 2310 353 2370 accessesit.

214 2409 356 2470 Codicum
372 2407 403 2466 in
411 2407 564 2470 Germania
578 2406 702 2483 plurium
718 2405 886 2469 collationes
897 2406 1026 2467 adhibuit
1040 2408 1092 2467 Jo.
1104 2407 1146 2464 fl.
1160 2407 1215 2467 Vos

172 2528 246 2589 quos
271 2519 403 2568 recenset
424 2507 455 2565 in
470 2506 579 2583 praesat.
596 2527 661 2588 pag.
680 2507 825 2567 XXVlll.
848 2508 923 2567 Sunt
947 2504 968 2565 ii
988 2506 1170 2566 Monacensis
1192 2504 1214 2565 ir

172 2606 336 2689 telligenter
349 2604 491 2681 scriptun
514 2607 742 2689 Bongarsianus3
762 2606 996 2668 vindobonensis
1014 2605 1062 2666 lib.
1085 2605 1213 2667 Caesarea

173 2707 334 2768 chartaceus
349 2704 441 2765 torma
457 2706 490 2780 4⁰
507 2704 597 2765 nitide
612 2705 789 2787 descriptus;
813 2706 1005 2780 Aslewanus,
1027 2726 1111 2786 quem
1132 2728 1167 2765 ex
1185 2705 1213 2765 Α

172 2805 253 2867 berrii
269 2804 442 2867 bibliotheca
461 2806 536 2865 eruit
553 2818 638 2887 poeta
654 2804 825 2866 Laurentius
839 2805 874 2864 de
885 2806 1010 2879 Santen,
1026 2806 1104 2865 unde
1121 2806 1200 2865 venit

171 2905 384 2985 possessionem
398 2905 452 2967 viri
468 2905 555 2967 illust.
576 2908 611 2967 de
632 2906 724 2966 Dicta.
748 2904 972 2990 Hamburgensis
992 2905 1081 2966 nitide
1103 2906 1133 2965 in
1153 2926 1211 2965 mer

173 3006 582 3077 branacxaratus,Gotl1anus
600 3006 730 3087 imperite
744 3006 775 3065 in
791 3006 892 3065 charta.
906 3006 948 3065 At
963 3005 1040 3087 quod
1054 3006 1088 3064 ad
1097 3004 1210 3065 Hambu

172 3124 290 3191 pensent
302 3118 333 3165 et
343 3106 512 3167 Gotlranum
526 3108 646 3181 attinet,
658 3106 833 3168 accuratiore
847 3106 1000 3167 collatione
1011 3129 1077 3165 usus
1089 3118 1133 3165 est
1141 3106 1208 3164 Wu

173 3204 304 3278 derlich,
321 3204 368 3265 cui
379 3204 463 3265 etiam
477 3204 536 3267 duo
548 3205 750 3267 Zwicavieuses
764 3206 946 3283 escalittas,
961 3219 1068 3319 praesto
1083 3204 1161 3265 luere
1173 3226 1210 3286 qu

173 3328 238 3367 runa
253 3306 440 3369 collationem
453 3304 563 3365 curavit
578 3306 728 3367 Goerrena.

215 3406 304 3469 Bact.
314 3406 513 3469 Berolincnses
522 3418 645 3487 quatuor
654 3416 762 3483 praesto
773 3404 879 3466 habuit.
891 3408 930 3467 lis
944 3406 1075 3467 dominus
1085 3407 1139 3466 luit
1151 3408 1201 3467 lr.

174 3506 272 3577 Dicte,
285 3506 354 3588 qui,
364 3517 514 3587 postquam
524 3506 586 3590 regi
593 3508 815 3567 Borussoruma
828 3504 956 3566 consiliis
971 3504 1078 3565 intimis
1090 3518 1119 3563 et
1129 3506 1209 3589 legati

176 3602 262 3665 nibus
278 3604 389 3681 luerat,
408 3618 561 3667 extremam
582 3605 640 3667 lere
656 3605 742 3667 vitam
759 3604 822 3667 otio
840 3604 964 3667 litterato
985 3607 1014 3664 in
1035 3605 1099 3666 villa
1116 3606 1210 3682 prosit

178 3704 347 3767 Buolinum
366 3704 418 3767 sita
432 3706 552 3788 peregit.
567 3706 625 3767 ttic
639 3704 683 3767 vir
696 3705 803 3789 insigni
822 3707 890 3767 dum
905 3706 1032 3777 vivebat,
1052 3706 1087 3764 de
1104 3726 1209 3767 mnsam

179 3803 338 3867 cultoribus
353 3804 565 3867 benemerendi
578 3805 676 3867 studio
688 3806 839 3880 incitatus,
855 3806 968 3867 codices
980 3826 1047 3866 suos
1059 3803 1166 3864 Bachio
1178 3829 1209 3866 su

178 3908 348 3973 ministravit
358 3932 366 3971 ε
377 3922 408 3971 at
416 3923 485 3993 post
492 3910 570 3973 illius
581 3910 691 3973 obitum
702 3911 767 3971 libri
777 3912 808 3972 in
819 3910 1086 3994 publicamllcgiam
1097 3910 1209 3973 bibliotl

179 4032 241 4075 cam
252 4010 437 4071 transierunt.
455 4010 479 4073 li
495 4010 543 4097 yix
556 4011 632 4071 ultra
646 4011 842 4095 typographiae
853 4012 1021 4073 incunabula
1037 4023 1197 4095 assurgunt.

217 4112 245 4171 1.
257 4110 356 4175 Codex
366 4109 550 4183 chartaceus,
564 4111 681 4183 formae,
696 4134 778 4192 quam
787 4122 908 4184 vocam,
921 4124 1028 4176 octavae
1039 4112 1168 4193 nmjoris,
1181 4110 1211 4171 cl.
