2834 4996
288 435 556 498 CODlClBUS
585 434 645 495 ET
678 436 1012 500 EDlTIONlBUS.
1142 439 1186 524 liij

109 566 227 650 Proptii
244 580 273 628 et
293 567 367 629 liber
382 567 484 638 Silvatt
500 565 584 626 Statii
596 564 700 643 papinii
719 578 732 625 t
753 567 810 627 isto
826 567 974 628 uolumine
994 566 1113 630 obtinet.
1143 571 1185 630 Et

108 665 214 749 tpressi
225 673 271 727 snt
284 687 372 744 opere
381 679 411 727 et
421 666 547 748 impensa
560 664 696 726 lobannis
708 667 742 725 de
754 667 861 726 colonia
872 678 901 727 et
910 668 1045 729 lobannis
1056 669 1184 729 uzantbe

110 765 149 826 de
158 765 298 849 gbersem
316 766 365 849 qui
380 788 437 829 una
450 765 582 827 Veueciis
598 764 719 828 fideliter
733 767 856 828 Viuunt.

106 846 113 857 ⁶
151 868 236 928 llanc
252 867 410 929 editionem
424 866 533 948 primus
555 865 683 937 omnium
700 866 823 927 eontulit
838 867 904 927 Nic.
920 866 1057 929 Heinsius
1073 869 1108 928 ad
1124 868 1184 929 Al-

110 964 223 1039 dimm,
241 986 287 1024 an.
307 963 400 1038 1515,
419 964 465 1024 cui
480 966 579 1025 insunt
595 979 724 1048 excerpta
738 966 857 1041 Persei,
876 967 930 1027 sub
946 965 1038 1026 littera
1054 967 1094 1028 G.
1119 967 1185 1028 Ac-

110 1076 223 1143 ceperat
244 1065 376 1125 utendam
395 1064 430 1125 ab
446 1064 537 1124 Hadr.
560 1064 682 1125 Wallio.
709 1067 745 1124 ln
770 1064 897 1149 margine
914 1085 1011 1125 manus
1032 1065 1086 1127 viri
1107 1067 1187 1129 docti

110 1164 214 1242 passim
224 1163 313 1226 varias
329 1164 467 1225 lectiones
480 1164 675 1241 adscripscrat.
687 1167 728 1225 Et
742 1164 893 1226 collatione
910 1165 1063 1226 lleinsiana
1076 1178 1106 1226 et
1121 1166 1185 1226 edi-

111 1266 192 1325 tione
207 1266 269 1346 ipsa
286 1288 353 1325 usus
369 1277 412 1325 est
426 1266 490 1325 lan.
505 1263 711 1326 Broulbusius.
728 1264 795 1325 Fuit
808 1265 890 1324 etiam
906 1264 1085 1347 inapparatu
1106 1266 1185 1327 Petri

111 1364 270 1424 Burmanni
294 1363 421 1426 secundi.
447 1363 553 1425 Nescio
577 1384 613 1423 an
633 1362 667 1424 ad
688 1365 744 1425 boe
765 1364 1005 1425 Burmannianum
1026 1365 1184 1444 exemplum

112 1463 253 1546 pertineat
262 1463 397 1547 proprie,
413 1463 492 1545 quod
505 1464 655 1524 Santenius
667 1462 796 1541 privatim
806 1465 936 1527 notavit:
956 1493 971 1518 «ι
986 1470 1020 1527 ln
1030 1466 1075 1525 ed.
1089 1464 1183 1547 1475,

111 1565 266 1651 signatum
287 1565 316 1624 in
332 1562 424 1625 Statio
441 1562 575 1624 desinunt
590 1564 621 1623 in
636 1586 664 1623 m
674 1609 683 1639 ‚
710 1576 739 1625 et
762 1564 792 1624 in
809 1563 908 1625 Ovidii
930 1565 1082 1646 Sapphone
1105 1566 1185 1627 inci-

109 1664 195 1743 piunt
207 1665 239 1725 in
255 1664 293 1726 Α.
306 1665 355 1725 Ab
368 1664 474 1728 Ouidio
488 1676 582 1726 autem
592 1664 626 1724 ad
641 1664 822 1741 Propertium
835 1666 1037 1727 continuantur
1052 1687 1103 1748 per
1112 1668 1152 1728 B.
1163 1693 1179 1723 a

110 1760 224 1824 Abesse
238 1784 254 1822 a
270 1761 416 1822 nonnullis
434 1760 636 1840 exemplaribus
656 1762 777 1823 Statium
791 1763 928 1823 Paurerus
947 1763 1030 1823 etiam
1047 1764 1181 1837 monuit,

108 1872 132 1920 t·
151 1861 223 1933 lll,
239 1882 268 1941 p.
286 1857 360 1933 108,
378 1882 407 1919 n.
428 1857 493 1946 189.
512 1861 660 1942 lutegrum
676 1860 773 1922 babuit
785 1860 946 1934 llaslesius‚
966 1862 1046 1942 cujus
1063 1862 1184 1940 exempli

109 1980 174 2020 orae
191 1980 209 2019 a
230 1959 334 2021 Cortio
350 1959 501 2038 adscriptas
519 1980 579 2021 esse
603 1959 633 2019 in
651 1959 768 2021 Tibullo
783 1959 921 2021 lectiones
944 1959 1030 2020 varias
1047 1959 1111 2020 cod.
1127 1962 1183 2024 ΜΒ

110 2058 350 2142 Guelferbytani‚
367 2082 397 2120 n.
409 2058 469 2133 63,
482 2059 501 2120 5
513 2072 541 2133 “,
557 2071 585 2119 et
595 2082 695 2141 paucas
706 2060 916 2121 emendationes
927 2060 960 2120 ad
973 2059 1056 2119 Statii
1069 2060 1158 2120 Silvas
1173 2104 1182 2133 ‚

108 2159 213 2220 scribit
226 2159 257 2218 in
270 2160 354 2221 Brev.
364 2159 460 2219 Notit.
475 2158 603 2218 Litterat.
616 2162 702 2221 Rom.
712 2182 758 2219 au.
772 2157 869 2244 1789,
881 2182 909 2237 p.
922 2156 971 2218 36.
983 2160 1098 2220 Scutere
1111 2159 1183 2220 hanc

108 2258 269 2320 editionem
282 2257 392 2319 mendis
408 2258 619 2341 typographicis
633 2259 763 2339 queritur
774 2258 908 2321 Denisius
919 2302 928 2334 ,
939 2280 1025 2342 agens
1038 2258 1073 2319 de
1087 2279 1184 2319 exem-

109 2356 163 2436 plo
179 2357 360 2421 bibliothecae
377 2358 532 2432 Garelliae,
550 2380 615 2439 qum
627 2379 673 2418 au.
692 2355 788 2442 1784,
810 2358 982 2420 Vindobona
997 2357 1183 2442 Lembergam

111 2459 244 2519 translata
262 2458 352 2519 luit'.
378 2458 524 2521 Convenit
545 2458 659 2539 quidem
682 2459 748 2518 buic
768 2459 888 2519 editioni
904 2459 1096 2541 compluribus
1113 2459 1184 2521 locis

110 2579 180 2618 enm
194 2559 320 2634 Venet,
342 2580 388 2618 an.
406 2556 495 2640 1472.
518 2557 576 2619 Sed
589 2558 670 2620 valde
689 2570 763 2620 errat
776 2560 923 2643 Heynius‚
943 2557 1088 2632 scribens,
1106 2560 1183 2619 illam

110 2678 147 2717 ex
164 2657 214 2717 bae
229 2659 397 2738 detemptum
409 2680 492 2729 esse,
509 2678 572 2742 pag.
586 2673 669 2732 ΜΝ,
687 2658 733 2720 ed.
751 2661 815 2733 lll,
833 2659 911 2741 quod
924 2659 969 2722 vel
982 2660 1072 2740 prima
1088 2660 1181 2719 statim

112 2756 205 2817 libril
224 2757 312 2841 elegia
329 2758 466 2819 confutat.
482 2760 556 2818 Nam
570 2783 597 2819 v.
616 2780 663 2819 ao.
690 2762 792 2820 Venet.
808 2783 854 2821 an.
874 2762 972 2843 1472,
995 2758 1094 2830 habet,
1118 2781 1182 2816 mu-

113 2879 188 2916 nera
197 2868 308 2930 vestro,
325 2860 427 2920 Venet.
442 2881 487 2919 an.
503 2855 597 2942 1475,
613 2881 728 2919 munera
741 2871 853 2931 nostru,
876 2871 993 2919 notante
1010 2857 1131 2916 lleinsio
1146 2857 1183 2917 ad

115 2955 188 3017 Ald.
204 2978 250 3017 an.
268 2955 350 3019 1515.
375 2958 448 3020 lbid.
462 2983 490 3019 v.
507 2981 566 3042 71,
585 2958 632 3019 illa
648 2957 731 3019 habet
750 2981 801 3018 nec
816 2978 912 3016 amare
927 2958 1052 3029 decedit,
1079 2958 1184 3018 Venet.

113 3079 159 3117 an.
188 3055 290 3141 1475,
317 3082 368 3119 nec
389 3082 485 3119 amare
506 3059 608 3119 licebit.
640 3061 756 3130 Porro,
781 3058 853 3141 eleg.
878 3073 925 3128 11,
953 3082 979 3118 v.
1003 3055 1053 3119 35.
1078 3059 1182 3120 Venet.

113 3178 158 3217 au.
180 3154 277 3242 1472,
298 3158 412 3220 exbibet
425 3182 490 3233 seu,
498 3156 696 3235 suminufiet,
713 3159 837 3231 Venet.‚
853 3180 897 3218 an.
912 3156 1009 3242 1575,
1024 3157 1093 3236 fiut.
1108 3157 1182 3217 lbid.

114 3278 140 3315 v.
159 3253 222 3339 67,
246 3257 292 3318 illa
307 3257 391 3318 habet
403 3282 484 3339 quem
495 3269 591 3339 posset
609 3259 729 3330 dudm,
751 3259 834 3331 brec,
858 3281 939 3340 quom
953 3270 1047 3341 posset
1071 3260 1182 3319 tatere.

115 3356 215 3441 Elegia
237 3358 303 3431 lll,
331 3380 364 3431 1,
382 3359 461 3435 prior
477 3358 559 3419 habet
573 3359 723 3430 Messala,
747 3360 890 3438 posterior
912 3361 1072 3429 Messallu;
1095 3383 1121 3417 v.
1138 3356 1181 3432 4,

114 3456 178 3529 illa,
199 3479 275 3517 mors
291 3459 370 3516 modo
386 3462 467 3537 nigra
475 3504 485 3534 ,
501 3461 584 3530 base,
601 3481 675 3519 naurs
687 3482 787 3541 precor·
801 3471 887 3534 utra,
905 3485 933 3522 v.
958 3459 1014 3531 13,
1033 3471 1126 3519 tumen
1142 3470 1184 3519 est

114 3557 245 3617 detem'tu
266 3581 421 3639 uunquam.
433 3600 462 3616 ..
483 3570 576 3618 tumen
598 3570 641 3619 est
656 3560 787 3620 deterrita
803 3583 951 3641 nusquam.
975 3560 1046 3620 lbid.
1068 3585 1095 3621 v.
1121 3558 1179 3634 18,

115 3654 218 3717 Venet.
234 3677 281 3715 an.
301 3655 388 3736 1472.
403 3661 523 3721 Sutumi
534 3680 658 3718 sucrum.
669 3659 819 3720 -Venet
833 3683 879 3721 an.
900 3657 987 3742 1475.
1003 3662 1122 3719 Saturni
1133 3671 1183 3720 aut

151 3850 161 3879 ¹
177 3848 221 3901 Est
231 3849 275 3902 ille
288 3851 384 3923 primus
398 3853 463 3906 inter
475 3852 685 3926 Guelferbytanus
698 3874 761 3925 quos
774 3875 847 3927 supra
861 3854 1043 3928 descripsimus.

148 3950 161 3980 ²
176 3950 354 4005 Memorabilia
369 3954 490 4008 Biblioth.
508 3956 602 4009 Garell.
621 3978 644 4028 p.
659 3960 706 4023 52,
728 3977 755 4009 n.
770 3961 807 4024 14.
827 3959 867 4011 Ab
880 3958 929 4012 boe
943 3959 1078 4032 exemplari
1098 3960 1183 4012 aberat

114 4035 218 4088 Statius.
233 4037 307 4088 Conf.
324 4039 464 4109 Catulugroe
474 4043 517 4094 des
528 4041 617 4093 liures
630 4046 662 4094 de
678 4047 707 4095 la
718 4044 887 4115 bibliotheque
900 4048 931 4096 de
935 4046 984 4113 seu
1000 4045 1039 4097 M.
1054 4048 1077 4096 le
1088 4046 1137 4095 duc
1152 4045 1185 4093 de

113 4124 142 4172 ln
155 4124 289 4180 Valliem
307 4124 416 4189 turult,
430 4146 456 4197 p.
468 4141 494 4192 1,
508 4146 563 4199 pag.
580 4130 627 4193 75,
642 4148 667 4178 n.
681 4129 760 4194 24223
776 4140 799 4179 et
812 4128 927 4185 biblioth.
941 4128 1053 4193 Pinelli,
1067 4143 1125 4180 tom.
1141 4128 1183 4191 lt,

115 4226 140 4280 r·
154 4206 217 4272 3¹3.
233 4227 250 4258 ¹¹
272 4207 346 4281 4496·
