2834 4996
310 447 577 514 contentus
603 447 663 508 ET
689 447 1014 509 EDITIONIBUS.
1131 448 1194 515 lxm

171 583 340 644 Cstvttvs
355 579 488 640 Tibullus
504 577 681 655 Propertius.
696 577 877 658 Antrerpr‘oe,
893 600 927 639 ex
939 577 1052 639 officina
1062 577 1199 640 Christo-
1260 617 1263 621 >

130 683 218 767 phori
234 679 359 740 Plautini
378 681 408 738 Μ
422 678 568 737 mlxix.

171 789 299 857 Mirum,
316 789 345 845 in
361 785 447 845 titulo
458 806 519 843 uon
531 783 681 844 memorari
697 784 780 845 Corn.
798 783 880 844 Galli
894 787 1061 862 Fragmenta
1066 811 1078 858 ;
1094 808 1158 868 qum
1168 787 1199 846 in

130 893 183 953 hac
201 890 329 950 editione
352 888 485 968 leguntur
503 898 569 963 post
586 884 733 946 Tibullum
756 907 820 945 cum
838 886 980 967 prooemio
995 887 1110 947 Theod.
1125 887 1199 947 Pul-

130 993 238 1051 manni.
252 991 359 1064 Nempe
369 984 514 1047 Catullum
523 996 551 1044 31
561 983 709 1045 Tibullum
715 984 814 1047 Victor
825 985 1200 1060 GiselinusetPulmannus,

133 1090 250 1152 Gallum
261 1087 437 1146 Pulmannus
450 1084 530 1144 solus
546 1083 673 1142 curavit:
692 1084 872 1165 Propertium
887 1084 1036 1146 Canterus.
1050 1083 1200 1144 Santeniua

133 1189 165 1248 in
181 1184 374 1249 Collectaneis
387 1188 442 1242 ita:
455 1182 597 1242 Fabricius
610 1182 724 1263 quidem
739 1194 769 1242 et
784 1182 933 1244 Ernestius
948 1183 979 1243 in
992 1182 1068 1244 Bibl.
1085 1183 1147 1240 Lat.
1166 1184 1201 1256 1,

135 1308 162 1344 c.
172 1301 241 1355 xlv,
256 1282 284 1363 g
300 1303 321 1363 9
335 1280 537 1352 crediderunt,
556 1279 610 1339 hoc
625 1301 700 1339 anno
715 1279 897 1360 Propertium
908 1279 1055 1356 separatim
1069 1300 1130 1340 esse
1145 1279 1204 1339 edi-

134 1395 196 1441 tum
210 1380 383 1447 assutum
401 1377 451 1437 sed
465 1398 514 1437 cos
530 1376 586 1437 ialli
602 1376 667 1435 satis
682 1387 759 1452 patet
769 1397 802 1434 ex
814 1374 858 1434 his
871 1375 979 1449 verbis,
999 1374 1066 1435 huic
1083 1374 1204 1437 editioni

135 1478 256 1559 praefixis
271 1501 278 1536 ε
295 1506 309 1530 u
323 1480 367 1537 En
383 1476 452 1546 tibi,
468 1475 584 1536 candide
600 1475 711 1548 lector,
732 1474 877 1535 Catullum
890 1487 919 1534 et
931 1475 1077 1536 Tibullum
1094 1476 1204 1537 doctis-

137 1579 275 1639 simorum
287 1575 415 1637 virorum
430 1573 600 1635 lectionibus
610 1595 626 1631 3
638 1573 753 1633 Victore
769 1572 902 1636 Gisclino
913 1586 943 1634 et
957 1576 1115 1636 Theodoro
1131 1577 1204 1636 Pul-

137 1698 244 1740 manno
259 1673 457 1755 Craneburgio
478 1670 605 1732 studiose
627 1683 657 1731 et
675 1671 826 1754 diligenter
845 1672 995 1745 collectis,
1021 1675 1202 1748 emendatos,

138 1775 237 1856 quibus
259 1794 310 1831 suo
324 1771 390 1848 jure
410 1772 530 1830 occessit
552 1770 712 1850 Propertius
731 1770 869 1831 Gulielrni
887 1772 1003 1837 Canteri
1024 1772 1149 1833 Scholiis
1169 1775 1207 1834 ita

138 1872 315 1943 illustratus,
333 1868 405 1929 nibil
421 1881 453 1928 ut
468 1868 588 1950 amplius
610 1869 644 1927 ad
662 1868 801 1945 optimum
817 1882 929 1948 poetam
949 1884 1027 1934 reete
1042 1873 1206 1957 intelligen-

141 1970 209 2030 dum
224 1968 375 2029 desiderari
390 1989 472 2045 posse
488 1968 652 2030 videatur.»
668 1969 712 2027 Ex
728 1969 771 2028 bis
788 1968 880 2029 verbis
897 1971 1058 2053 neutiquam
1069 1973 1206 2048 efficitur,

140 2071 325 2148 Propertium
351 2067 528 2147 conjunctum
545 2089 609 2128 com
628 2067 743 2128 Catullo
763 2080 792 2128 et
810 2068 927 2130 Tibullo
947 2072 1109 2149 prodiisse,
1128 2085 1158 2135 et
1175 2099 1208 2137 ex

141 2171 269 2232 editione
284 2171 342 2247 ipsa
358 2167 506 2227 manifesto
521 2178 653 2247 apparet,
671 2166 750 2226 illum
763 2165 908 2245 separatim
925 2169 1032 2230 editum
1049 2192 1119 2232 esse.
1135 2175 1208 2235 Nam

142 2270 294 2353 signaturae
308 2265 511 2328 continuantur
526 2265 667 2326 aCatullo
682 2266 715 2326 ad
727 2266 840 2327 Gallum
856 2269 916 2327 sine
931 2268 1149 2349 interruptione.
1166 2272 1208 2332 At

141 2381 208 2452 post
224 2367 340 2428 Gallum
357 2365 457 2445 incipit
474 2383 564 2423 novus
580 2363 681 2423 titulus
697 2385 761 2422 cum
777 2385 850 2423 nova
866 2364 1006 2445 signatura
1024 2389 1031 2425 :
1050 2370 1114 2429 Sex.
1131 2370 1207 2432 Pro-

143 2466 225 2549 pertii
246 2462 429 2548 Elegiarum,
453 2461 516 2520 libri
541 2462 708 2521 luteum
733 2461 856 2522 Scholiis
881 2463 951 2522 Gut.
971 2464 1096 2527 Canteri.
1118 2470 1206 2529 Ante.

144 2575 187 2634 Ex
202 2571 253 2633 ott.
272 2569 381 2631 Christ.
396 2567 529 2627 Plautini.
547 2567 739 2627 Mbtxtx.

184 2687 219 2743 ln
237 2681 355 2743 Tibullo
377 2678 521 2738 consentit
543 2676 604 2734 haec
627 2675 716 2735 editio
736 2675 902 2757 plerumque
923 2700 987 2737 cum
1006 2679 1098 2738 Plant.
1118 2680 1205 2745 1560.

144 2784 253 2843 1131313
268 2794 361 2840 tamen
376 2777 405 2836 in
420 2775 581 2836 universum
592 2773 666 2834 haud
681 2796 765 2851 pauca
778 2786 860 2847 sunt,
877 2777 998 2850 primum
1013 2777 1042 2834 in
1054 2779 1207 2862 orthogra-

146 2882 223 2961 phia.
235 2882 305 2941 Nam
322 2878 394 2939 illata
405 2877 452 2936 illa
462 2876 490 2935 in
502 2874 625 2953 priorem
642 2874 814 2955 diphthongi
829 2896 928 2955 graecae
943 2873 1079 2951 scriptura
1090 2900 1207 2955 prorsus

146 2982 254 3062 abjecta
267 2991 316 3039 est.
335 2978 427 3037 Etiam
439 2997 525 3036 nouas
542 2974 679 3034 lectiones
696 2973 855 3032 intulerunt
868 2972 1000 3033 editores.
1013 2976 1159 3039 Variantes
1177 2979 1208 3039 in

144 3079 273 3162 margine
286 3090 375 3138 auctae
385 3086 477 3136 sunte
488 3073 610 3135 Statiana
622 3072 766 3144 editione,
783 3093 817 3132 ex
829 3093 882 3152 qua
895 3089 1078 3136 correxerunt
1088 3078 1208 3141 subinde

145 3179 300 3241 lectionem
313 3174 441 3244 Mureti,
456 3197 538 3254 quarn
556 3173 585 3230 in
597 3171 705 3231 caeteris
719 3183 883 3251 sequuntur.
900 3175 978 3234 luter
992 3175 1052 3236 illas
1062 3178 1209 3242 Variautes

145 3275 329 3355 reperiuntur
342 3272 425 3331 etiam
438 3270 574 3331 lectiones
589 3268 742 3350 scaligeri,
762 3270 810 3351 qui
821 3285 994 3333 memoratur
1007 3275 1077 3336 adeo
1094 3277 1123 3335 in
1140 3279 1209 3338 No-

148 3389 243 3437 torum
259 3374 462 3454 explicatione,
480 3368 620 3447 prooemio
634 3369 766 3452 subjecta.
784 3373 851 3431 Hoc
864 3372 1011 3434 Huscblrio
1029 3376 1126 3457 injecit
1143 3399 1211 3438 sus-

148 3474 315 3552 picionem,
330 3470 469 3548 proditam
480 3469 510 3528 in
523 3471 726 3529 commentario
736 3469 771 3528 ad
782 3468 884 3529 librum
895 3470 1022 3542 Tibulli,
1038 3474 1093 3544 lV,
1108 3491 1160 3547 rx,
1174 3497 1190 3534 3
1200 3519 1210 3551 ,

148 3572 226 3635 etad
237 3569 323 3630 Marsi
333 3570 520 3650 epigramma,
534 3566 708 3629 circumferri
720 3570 801 3650 hujus
814 3568 949 3629 editionis
962 3571 1125 3648 exemplaria
1134 3575 1213 3635 adul·

149 3670 259 3740 terina,
276 3667 376 3749 quibus
397 3666 463 3727 lalsa
483 3666 549 3727 anni
570 3679 636 3727 nota
657 3668 790 3745 impressa
810 3681 893 3728 essct.
917 3671 981 3743 Qua
999 3670 1028 3729 in
1050 3673 1213 3749 suspicione

150 3768 230 3828 illum
241 3767 423 3829 confirmabat
435 3768 572 3838 Vossius,
587 3766 636 3847 qui
653 3769 681 3826 iu
698 3791 746 3828 ora
761 3769 925 3845 exemplaris
938 3769 983 3827 sui
994 3769 1146 3848 Epitaphio
1159 3773 1214 3833 Ti·

152 3864 221 3926 butti
234 3864 406 3941 adscriptum
417 3866 456 3923 ait
470 3885 531 3925 csse
545 3877 609 3924 ante
622 3864 798 3946 Scaligerum
813 3886 827 3924 a
840 3865 1018 3926 Pulmanno:
1034 3870 1215 3947 Epigramma

152 3964 239 4024 Marsi
255 3965 288 4023 de
303 3975 390 4023 morte
410 3964 521 4024 Tibulli.
537 3967 607 4023 llere
625 3966 734 4024 notatio
753 3964 788 4023 ab
806 3964 882 4024 illius
901 3966 1031 4042 exemplo
1050 3967 1137 4028 abest.
1156 3969 1218 4028 Aut

153 4063 243 4147 igitur
250 4064 303 4124 alia
310 4063 428 4125 Vossius
434 4086 502 4124 usus
511 4075 555 4124 est
561 4063 704 4136 editione,
713 4075 761 4124 aut
771 4063 1074 4149 tribuitPlautiuianae,
1087 4067 1163 4147 quod
1172 4068 1218 4128 le-

152 4163 230 4249 gitur
244 4163 276 4223 in
287 4184 337 4226 ora
349 4164 483 4247 Lugdun.
497 4185 541 4225 an.
558 4161 651 4244 1573,
669 4186 751 4243 quam
760 4162 795 4222 ad
810 4163 928 4228 verbum
944 4187 977 4225 ex
991 4165 1038 4226 illa
1051 4166 1218 4242 descriptam
