<?xml version="1.0" encoding="UTF-8"?>
<!DOCTYPE html PUBLIC "-//W3C//DTD XHTML 1.0 Transitional//EN"
    "http://www.w3.org/TR/xhtml1/DTD/xhtml1-transitional.dtd">
<html xmlns="http://www.w3.org/1999/xhtml" xml:lang="en" lang="en">
 <head>
  <title>
</title>
<meta http-equiv="Content-Type" content="text/html;charset=utf-8" />
  <meta name='ocr-system' content='tesseract 3.04.00' />
  <meta name='ocr-capabilities' content='ocr_page ocr_carea ocr_par ocr_line ocrx_word'/>
</head>
<body>
  <div class='ocr_page' id='page_1' title='image "albiitibulliqua00golbgoog_0136.png"; bbox 0 0 2834 4996; ppageno 0'>
   <div class='ocr_carea' id='block_1_1' title="bbox 125 431 861 516">
    <p class='ocr_par' dir='ltr' id='par_1_1' title="bbox 125 431 861 516">
     <span class='ocr_line' id='line_1_1' title="bbox 125 431 861 516; baseline 0 -17"><span class='ocrx_word' id='word_1_1' title='bbox 125 432 169 516; x_wconf 75' lang='lat'>24</span> <span class='ocrx_word' id='word_1_2' title='bbox 450 433 603 500; x_wconf 72' lang='lat' dir='ltr'>Areu</span> <span class='ocrx_word' id='word_1_3' title='bbox 636 431 861 500; x_wconf 74' lang='lat' dir='ltr'>rusum</span> 
     </span>
    </p>
   </div>
   <div class='ocr_carea' id='block_1_2' title="bbox 124 570 1187 1022">
    <p class='ocr_par' dir='ltr' id='par_1_2' title="bbox 124 570 1187 1022">
     <span class='ocr_line' id='line_1_2' title="bbox 125 570 1007 674; baseline 0.002 -29"><span class='ocrx_word' id='word_1_4' title='bbox 125 574 204 645; x_wconf 81' lang='lat' dir='ltr'>Hac</span> <span class='ocrx_word' id='word_1_5' title='bbox 219 589 315 645; x_wconf 84' lang='lat' dir='ltr'>cautu</span> <span class='ocrx_word' id='word_1_6' title='bbox 332 571 494 674; x_wconf 84' lang='lat' dir='ltr'>finditque</span> <span class='ocrx_word' id='word_1_7' title='bbox 511 572 635 660; x_wconf 89' lang='lat' dir='ltr'>solum,</span> <span class='ocrx_word' id='word_1_8' title='bbox 651 599 829 673; x_wconf 87' lang='lat' dir='ltr'>manesque</span> <span class='ocrx_word' id='word_1_9' title='bbox 846 570 1007 673; x_wconf 81' lang='lat' dir='ltr'>sepulcris</span> 
     </span>
     <span class='ocr_line' id='line_1_3' title="bbox 175 686 822 788; baseline 0.003 -29"><span class='ocrx_word' id='word_1_10' title='bbox 175 686 290 774; x_wconf 86' lang='lat' dir='ltr'>Elicit,</span> <span class='ocrx_word' id='word_1_11' title='bbox 308 705 340 760; x_wconf 91' lang='lat' dir='ltr'>et</span> <span class='ocrx_word' id='word_1_12' title='bbox 357 687 469 788; x_wconf 88' lang='lat' dir='ltr'>tepido</span> <span class='ocrx_word' id='word_1_13' title='bbox 486 689 624 762; x_wconf 82' lang='lat' dir='ltr'>devocat</span> <span class='ocrx_word' id='word_1_14' title='bbox 640 717 714 763; x_wconf 87' lang='lat' dir='ltr'>ossa</span> <span class='ocrx_word' id='word_1_15' title='bbox 729 719 822 784; x_wconf 83' lang='lat' dir='ltr'>rogo.</span> 
     </span>
     <span class='ocr_line' id='line_1_4' title="bbox 124 805 910 901; baseline 0.004 -24"><span class='ocrx_word' id='word_1_16' title='bbox 124 806 198 877; x_wconf 88' lang='lat' dir='ltr'>Jam</span> <span class='ocrx_word' id='word_1_17' title='bbox 216 805 277 879; x_wconf 83' lang='lat' dir='ltr'>ciet</span> <span class='ocrx_word' id='word_1_18' title='bbox 296 805 438 879; x_wconf 78' lang='lat' dir='ltr'>infernas</span> <span class='ocrx_word' id='word_1_19' title='bbox 452 807 578 901; x_wconf 83' lang='lat' dir='ltr'>magico</span> <span class='ocrx_word' id='word_1_20' title='bbox 592 806 732 880; x_wconf 81' lang='lat' dir='ltr'>stridore</span> <span class='ocrx_word' id='word_1_21' title='bbox 748 825 910 894; x_wconf 82' lang='lat' dir='ltr'>catervas;</span> 
     </span>
     <span class='ocr_line' id='line_1_5' title="bbox 173 920 1187 1022; baseline -0.001 -30"><span class='ocrx_word' id='word_1_22' title='bbox 173 923 246 993; x_wconf 84' lang='lat' dir='ltr'>lam</span> <span class='ocrx_word' id='word_1_23' title='bbox 263 920 357 1019; x_wconf 89' lang='lat' dir='ltr'>jubet</span> <span class='ocrx_word' id='word_1_24' title='bbox 374 921 544 1022; x_wconf 89' lang='lat' dir='ltr'>adspersas</span> <span class='ocrx_word' id='word_1_25' title='bbox 559 920 641 995; x_wconf 85' lang='lat' dir='ltr'>lacto</span> <span class='ocrx_word' id='word_1_26' title='bbox 659 924 776 995; x_wconf 89' lang='lat' dir='ltr'>relerre</span> <span class='ocrx_word' id='word_1_27' title='bbox 788 921 915 1022; x_wconf 87' lang='lat' dir='ltr'>pedem.</span> <span class='ocrx_word' id='word_1_28' title='bbox 1156 941 1187 992; x_wconf 79' lang='grc' dir='ltr'>5ο</span> 
     </span>
    </p>
   </div>
   <div class='ocr_carea' id='block_1_3' title="bbox 120 1070 1196 2001">
    <p class='ocr_par' dir='ltr' id='par_1_3' title="bbox 120 1070 1196 2001">
     <span class='ocr_line' id='line_1_6' title="bbox 127 1070 1188 1142; baseline 0.001 -18"><span class='ocrx_word' id='word_1_29' title='bbox 127 1072 207 1125; x_wconf 84' lang='lat' dir='ltr'>Bacb.</span> <span class='ocrx_word' id='word_1_30' title='bbox 226 1071 336 1141; x_wconf 81' lang='lat' dir='ltr'>amplexi</span> <span class='ocrx_word' id='word_1_31' title='bbox 355 1082 416 1125; x_wconf 86' lang='lat' dir='ltr'>sunt</span> <span class='ocrx_word' id='word_1_32' title='bbox 438 1091 444 1123; x_wconf 96' lang='lat'><strong>:</strong></span> <span class='ocrx_word' id='word_1_33' title='bbox 465 1071 560 1141; x_wconf 88' lang='lat' dir='ltr'>quippe</span> <span class='ocrx_word' id='word_1_34' title='bbox 586 1071 631 1140; x_wconf 90' lang='lat' dir='ltr'>qui</span> <span class='ocrx_word' id='word_1_35' title='bbox 680 1072 794 1142; x_wconf 86' lang='lat' dir='ltr'>positum</span> <span class='ocrx_word' id='word_1_36' title='bbox 811 1070 967 1126; x_wconf 75' lang='lat' dir='ltr'>descendere</span> <span class='ocrx_word' id='word_1_37' title='bbox 981 1070 1073 1137; x_wconf 79' lang='lat' dir='ltr'>iaciat,</span> <span class='ocrx_word' id='word_1_38' title='bbox 1087 1079 1115 1123; x_wconf 87' lang='lat' dir='ltr'>et</span> <span class='ocrx_word' id='word_1_39' title='bbox 1132 1070 1188 1125; x_wconf 69' lang='lat' dir='ltr'>vita</span> 
     </span>
     <span class='ocr_line' id='line_1_7' title="bbox 120 1149 1187 1221; baseline 0.002 -19"><span class='ocrx_word' id='word_1_40' title='bbox 120 1149 241 1217; x_wconf 76' lang='lat' dir='ltr'><em>fulminis</em></span> <span class='ocrx_word' id='word_1_41' title='bbox 255 1170 307 1203; x_wconf 92' lang='lat' dir='ltr'>non</span> <span class='ocrx_word' id='word_1_42' title='bbox 317 1154 432 1219; x_wconf 76' lang='lat' dir='ltr'>fluminis</span> <span class='ocrx_word' id='word_1_43' title='bbox 443 1149 545 1218; x_wconf 83' lang='lat' dir='ltr'>legant,</span> <span class='ocrx_word' id='word_1_44' title='bbox 562 1161 632 1203; x_wconf 82' lang='lat' dir='ltr'>atta·</span> <span class='ocrx_word' id='word_1_45' title='bbox 682 1151 814 1215; x_wconf 85' lang='lat' dir='ltr'>restituat;</span> <span class='ocrx_word' id='word_1_46' title='bbox 831 1152 880 1205; x_wconf 88' lang='lat' dir='ltr'>bor</span> <span class='ocrx_word' id='word_1_47' title='bbox 898 1163 949 1217; x_wconf 86' lang='lat' dir='ltr'>est,</span> <span class='ocrx_word' id='word_1_48' title='bbox 963 1152 1033 1221; x_wconf 92' lang='lat' dir='ltr'>quod</span> <span class='ocrx_word' id='word_1_49' title='bbox 1045 1150 1114 1220; x_wconf 91' lang='lat' dir='ltr'>aqud</span> <span class='ocrx_word' id='word_1_50' title='bbox 1133 1152 1187 1205; x_wconf 86' lang='lat' dir='ltr'>Sta·</span> 
     </span>
     <span class='ocr_line' id='line_1_8' title="bbox 128 1227 1188 1296; baseline 0.004 -16"><span class='ocrx_word' id='word_1_51' title='bbox 128 1247 190 1280; x_wconf 87' lang='lat' dir='ltr'>men</span> <span class='ocrx_word' id='word_1_52' title='bbox 202 1234 228 1282; x_wconf 74' lang='lat' dir='ltr'>ri</span> <span class='ocrx_word' id='word_1_53' title='bbox 237 1234 306 1281; x_wconf 82' lang='lat' dir='ltr'>sr&#39;str&#39;!</span> <span class='ocrx_word' id='word_1_54' title='bbox 316 1227 420 1281; x_wconf 87' lang='lat' dir='ltr'>llumini</span> <span class='ocrx_word' id='word_1_55' title='bbox 432 1246 537 1296; x_wconf 88' lang='lat' dir='ltr'>quoque</span> <span class='ocrx_word' id='word_1_56' title='bbox 551 1229 634 1296; x_wconf 86' lang='lat' dir='ltr'>aptius</span> <span class='ocrx_word' id='word_1_57' title='bbox 682 1231 749 1283; x_wconf 84' lang='lat' dir='ltr'>tium</span> <span class='ocrx_word' id='word_1_58' title='bbox 757 1231 840 1283; x_wconf 85' lang='lat' dir='ltr'>Theb.</span> <span class='ocrx_word' id='word_1_59' title='bbox 854 1231 895 1283; x_wconf 90' lang='lat' dir='ltr'>lib.</span> <span class='ocrx_word' id='word_1_60' title='bbox 907 1232 960 1292; x_wconf 87' lang='lat' dir='ltr'>IV,</span> <span class='ocrx_word' id='word_1_61' title='bbox 970 1237 1027 1295; x_wconf 68' lang='lat' dir='ltr'>rw,</span> <span class='ocrx_word' id='word_1_62' title='bbox 1036 1252 1049 1274; x_wconf 65' lang='lat' dir='ltr'>a</span> <span class='ocrx_word' id='word_1_63' title='bbox 1062 1230 1188 1284; x_wconf 80' lang='lat' dir='ltr'>Attollere</span> 
     </span>
     <span class='ocr_line' id='line_1_9' title="bbox 129 1306 1191 1377; baseline 0.004 -19"><span class='ocrx_word' id='word_1_64' title='bbox 129 1306 247 1370; x_wconf 79' lang='lat' dir='ltr'>videtur,</span> <span class='ocrx_word' id='word_1_65' title='bbox 256 1319 282 1360; x_wconf 85' lang='lat' dir='ltr'>et</span> <span class='ocrx_word' id='word_1_66' title='bbox 292 1318 363 1360; x_wconf 83' lang='lat' dir='ltr'>certo</span> <span class='ocrx_word' id='word_1_67' title='bbox 371 1326 476 1360; x_wconf 85' lang='lat' dir='ltr'>sensum</span> <span class='ocrx_word' id='word_1_68' title='bbox 485 1306 583 1375; x_wconf 68' lang='lat' dir='ltr'>prebet</span> <span class='ocrx_word' id='word_1_69' title='bbox 593 1326 635 1358; x_wconf 84' lang='lat' dir='ltr'>va·</span> <span class='ocrx_word' id='word_1_70' title='bbox 683 1308 763 1361; x_wconf 85' lang='lat' dir='ltr'>bustis</span> <span class='ocrx_word' id='word_1_71' title='bbox 773 1308 902 1377; x_wconf 75' lang='lat' dir='ltr'>Corpora,</span> <span class='ocrx_word' id='word_1_72' title='bbox 910 1321 959 1361; x_wconf 70' lang='lat' dir='ltr'>etr,</span> <span class='ocrx_word' id='word_1_73' title='bbox 973 1333 985 1353; x_wconf 72' lang='grc' dir='ltr'><strong><em>ν</em></strong></span> <span class='ocrx_word' id='word_1_74' title='bbox 1000 1309 1120 1362; x_wconf 80' lang='lat' dir='ltr'>Similem</span> <span class='ocrx_word' id='word_1_75' title='bbox 1132 1327 1191 1362; x_wconf 86' lang='lat' dir='ltr'>nar·</span> 
     </span>
     <span class='ocr_line' id='line_1_10' title="bbox 130 1382 1191 1456; baseline 0.002 -20"><span class='ocrx_word' id='word_1_76' title='bbox 130 1383 252 1437; x_wconf 86' lang='lat' dir='ltr'>lidiorem</span> <span class='ocrx_word' id='word_1_77' title='bbox 262 1404 340 1453; x_wconf 88' lang='lat' dir='ltr'>quam</span> <span class='ocrx_word' id='word_1_78' title='bbox 351 1383 504 1453; x_wconf 85' lang='lat' dir='ltr'>languidum</span> <span class='ocrx_word' id='word_1_79' title='bbox 513 1382 576 1435; x_wconf 86' lang='lat' dir='ltr'>illud</span> <span class='ocrx_word' id='word_1_80' title='bbox 585 1401 637 1434; x_wconf 85' lang='lat' dir='ltr'>oer-</span> <span class='ocrx_word' id='word_1_81' title='bbox 684 1386 856 1439; x_wconf 74' lang='lat' dir='ltr'>ratiunculam</span> <span class='ocrx_word' id='word_1_82' title='bbox 869 1387 895 1439; x_wconf 90' lang='lat' dir='ltr'>in</span> <span class='ocrx_word' id='word_1_83' title='bbox 911 1386 1037 1456; x_wconf 78' lang='lat' dir='ltr'>Apuleio,</span> <span class='ocrx_word' id='word_1_84' title='bbox 1047 1384 1091 1438; x_wconf 85' lang='lat' dir='ltr'>lib.</span> <span class='ocrx_word' id='word_1_85' title='bbox 1102 1386 1129 1440; x_wconf 90' lang='lat' dir='ltr'>ll</span> <span class='ocrx_word' id='word_1_86' title='bbox 1139 1424 1148 1453; x_wconf 91' lang='lat'>,</span> <span class='ocrx_word' id='word_1_87' title='bbox 1160 1383 1191 1438; x_wconf 91' lang='lat' dir='ltr'>le·</span> 
     </span>
     <span class='ocr_line' id='line_1_11' title="bbox 129 1460 983 1533; baseline -0.002 -19"><span class='ocrx_word' id='word_1_88' title='bbox 129 1468 169 1514; x_wconf 78' lang='lat' dir='ltr'>rit.</span> <span class='ocrx_word' id='word_1_89' title='bbox 182 1464 257 1531; x_wconf 88' lang='lat' dir='ltr'>Quin</span> <span class='ocrx_word' id='word_1_90' title='bbox 275 1463 341 1516; x_wconf 85' lang='lat' dir='ltr'>adeo</span> <span class='ocrx_word' id='word_1_91' title='bbox 361 1462 529 1532; x_wconf 77' lang='lat' dir='ltr'>Apollonium</span> <span class='ocrx_word' id='word_1_92' title='bbox 542 1460 635 1515; x_wconf 83' lang='lat' dir='ltr'>vadem</span> <span class='ocrx_word' id='word_1_93' title='bbox 685 1483 745 1533; x_wconf 89' lang='lat' dir='ltr'>gere</span> <span class='ocrx_word' id='word_1_94' title='bbox 759 1464 877 1515; x_wconf 90' lang='lat' dir='ltr'>memini.</span> <span class='ocrx_word' id='word_1_95' title='bbox 891 1463 983 1515; x_wconf 65' lang='lat' dir='ltr'>liert«.</span> 
     </span>
     <span class='ocr_line' id='line_1_12' title="bbox 128 1538 1192 1610; baseline 0.001 -19"><span class='ocrx_word' id='word_1_96' title='bbox 128 1538 269 1599; x_wconf 72' lang='lat' dir='ltr'>habemus:</span> <span class='ocrx_word' id='word_1_97' title='bbox 283 1539 303 1591; x_wconf 87' lang='lat' dir='ltr'>is</span> <span class='ocrx_word' id='word_1_98' title='bbox 319 1540 391 1592; x_wconf 88' lang='lat' dir='ltr'>enim</span> <span class='ocrx_word' id='word_1_99' title='bbox 411 1538 443 1591; x_wconf 91' lang='lat' dir='ltr'>de</span> <span class='ocrx_word' id='word_1_100' title='bbox 465 1538 574 1604; x_wconf 82' lang='lat' dir='ltr'>llledea,</span> <span class='ocrx_word' id='word_1_101' title='bbox 593 1539 636 1591; x_wconf 91' lang='lat' dir='ltr'>lib.</span> <span class='ocrx_word' id='word_1_102' title='bbox 719 1541 758 1610; x_wconf 64' lang='lat' dir='ltr'>qq</span> <span class='ocrx_word' id='word_1_103' title='bbox 766 1541 827 1590; x_wconf 84' lang='lat' dir='ltr'>Jarn</span> <span class='ocrx_word' id='word_1_104' title='bbox 839 1538 1062 1592; x_wconf 64' lang='lat' dir='ltr'>cereressrouck</span> <span class='ocrx_word' id='word_1_105' title='bbox 1078 1539 1192 1593; x_wconf 80' lang='lat' dir='ltr'>multum</span> 
     </span>
     <span class='ocr_line' id='line_1_13' title="bbox 132 1614 1193 1685; baseline 0.004 -19"><span class='ocrx_word' id='word_1_106' title='bbox 132 1616 192 1681; x_wconf 80' lang='grc' dir='ltr'>ΙΙΙ,</span> <span class='ocrx_word' id='word_1_107' title='bbox 205 1635 270 1669; x_wconf 86' lang='lat' dir='ltr'>vers.</span> <span class='ocrx_word' id='word_1_108' title='bbox 285 1617 332 1669; x_wconf 72' lang='lat'>532</span> <span class='ocrx_word' id='word_1_109' title='bbox 344 1638 349 1670; x_wconf 92' lang='lat'>:</span> <span class='ocrx_word' id='word_1_110' title='bbox 362 1626 411 1671; x_wconf 72' lang='lat' dir='ltr'>Kal</span> <span class='ocrx_word' id='word_1_111' title='bbox 421 1621 532 1685; x_wconf 68' lang='lat' dir='ltr'>rsroepo&#39;ue</span> <span class='ocrx_word' id='word_1_112' title='bbox 546 1625 637 1679; x_wconf 71' lang='lat' dir='ltr'>terrra</span> <span class='ocrx_word' id='word_1_113' title='bbox 687 1614 729 1668; x_wconf 87' lang='lat' dir='ltr'>bic</span> <span class='ocrx_word' id='word_1_114' title='bbox 741 1615 817 1668; x_wconf 85' lang='lat' dir='ltr'>sudat</span> <span class='ocrx_word' id='word_1_115' title='bbox 832 1627 860 1668; x_wconf 93' lang='lat' dir='ltr'>ut</span> <span class='ocrx_word' id='word_1_116' title='bbox 872 1615 1012 1668; x_wconf 82' lang='lat' dir='ltr'>lectionem</span> <span class='ocrx_word' id='word_1_117' title='bbox 1022 1625 1091 1670; x_wconf 85' lang='lat' dir='ltr'>tene!</span> <span class='ocrx_word' id='word_1_118' title='bbox 1101 1616 1193 1670; x_wconf 83' lang='lat' dir='ltr'>delen·</span> 
     </span>
     <span class='ocr_line' id='line_1_14' title="bbox 133 1693 1194 1771; baseline 0.002 -25"><span class='ocrx_word' id='word_1_119' title='bbox 133 1698 320 1765; x_wconf 59' lang='lat' dir='ltr'>&amp;fepxrtoedteroi</span> <span class='ocrx_word' id='word_1_120' title='bbox 329 1699 426 1771; x_wconf 68' lang='grc' dir='ltr'>ῥέοντας.</span> <span class='ocrx_word' id='word_1_121' title='bbox 440 1695 566 1766; x_wconf 76' lang='lat' dir='ltr'>Virgilius</span> <span class='ocrx_word' id='word_1_122' title='bbox 576 1715 639 1765; x_wconf 74' lang='lat' dir='ltr'>quo</span> <span class='ocrx_word' id='word_1_123' title='bbox 688 1693 747 1758; x_wconf 86' lang='lat' dir='ltr'>dat,</span> <span class='ocrx_word' id='word_1_124' title='bbox 769 1694 922 1747; x_wconf 77' lang='lat' dir='ltr'>auctoritate</span> <span class='ocrx_word' id='word_1_125' title='bbox 938 1704 1058 1746; x_wconf 84' lang='lat' dir='ltr'>veterum</span> <span class='ocrx_word' id='word_1_126' title='bbox 1074 1693 1194 1748; x_wconf 80' lang='lat' dir='ltr'>codicum</span> 
     </span>
     <span class='ocr_line' id='line_1_15' title="bbox 133 1772 1195 1848; baseline 0.002 -23"><span class='ocrx_word' id='word_1_127' title='bbox 133 1792 183 1840; x_wconf 89' lang='lat' dir='ltr'>que</span> <span class='ocrx_word' id='word_1_128' title='bbox 196 1774 245 1839; x_wconf 87' lang='lat' dir='ltr'>ait,</span> <span class='ocrx_word' id='word_1_129' title='bbox 260 1774 364 1827; x_wconf 84' lang='lat' dir='ltr'>AEneid.</span> <span class='ocrx_word' id='word_1_130' title='bbox 376 1775 419 1828; x_wconf 91' lang='lat' dir='ltr'>lib.</span> <span class='ocrx_word' id='word_1_131' title='bbox 433 1775 481 1841; x_wconf 91' lang='lat' dir='ltr'>lV,</span> <span class='ocrx_word' id='word_1_132' title='bbox 495 1796 561 1830; x_wconf 85' lang='lat' dir='ltr'>vers.</span> <span class='ocrx_word' id='word_1_133' title='bbox 573 1779 637 1848; x_wconf 74' lang='lat'>⁴⁸9·</span> <span class='ocrx_word' id='word_1_134' title='bbox 688 1783 715 1826; x_wconf 86' lang='lat' dir='ltr'>et</span> <span class='ocrx_word' id='word_1_135' title='bbox 729 1773 876 1826; x_wconf 71' lang='lat' dir='ltr'>editionum</span> <span class='ocrx_word' id='word_1_136' title='bbox 898 1772 995 1834; x_wconf 56' lang='lat' dir='ltr'>trorum</span> <span class='ocrx_word' id='word_1_137' title='bbox 1008 1783 1033 1825; x_wconf 90' lang='lat' dir='ltr'>at</span> <span class='ocrx_word' id='word_1_138' title='bbox 1046 1773 1122 1826; x_wconf 90' lang='lat' dir='ltr'>nobis</span> <span class='ocrx_word' id='word_1_139' title='bbox 1134 1773 1195 1827; x_wconf 85' lang='lat' dir='ltr'>toti-</span> 
     </span>
     <span class='ocr_line' id='line_1_16' title="bbox 134 1851 1193 1921; baseline 0.002 -19"><span class='ocrx_word' id='word_1_140' title='bbox 134 1855 223 1903; x_wconf 82' lang='lat' dir='ltr'>sr&#39;slere</span> <span class='ocrx_word' id='word_1_141' title='bbox 237 1855 432 1920; x_wconf 77' lang='lat' dir='ltr'>aquarnflrrr&#39;r&#39;s.</span> <span class='ocrx_word' id='word_1_142' title='bbox 689 1852 750 1904; x_wconf 90' lang='lat' dir='ltr'>dem</span> <span class='ocrx_word' id='word_1_143' title='bbox 773 1852 891 1917; x_wconf 79' lang='lat' dir='ltr'>codices,</span> <span class='ocrx_word' id='word_1_144' title='bbox 905 1871 954 1904; x_wconf 87' lang='lat' dir='ltr'>nec</span> <span class='ocrx_word' id='word_1_145' title='bbox 976 1851 992 1903; x_wconf 92' lang='lat' dir='ltr'>ii</span> <span class='ocrx_word' id='word_1_146' title='bbox 1013 1851 1193 1921; x_wconf 83' lang='lat' dir='ltr'>despiciendi,</span> 
     </span>
     <span class='ocr_line' id='line_1_17' title="bbox 168 1929 1196 2001; baseline 0.003 -21"><span class='ocrx_word' id='word_1_147' title='bbox 168 1931 207 1996; x_wconf 78' lang='lat'>47.</span> <span class='ocrx_word' id='word_1_148' title='bbox 219 1929 355 1998; x_wconf 78' lang='lat' dir='ltr'>Manesque</span> <span class='ocrx_word' id='word_1_149' title='bbox 361 1936 480 1999; x_wconf 77' lang='lat' dir='ltr'>sepulcris</span> <span class='ocrx_word' id='word_1_150' title='bbox 488 1943 536 1986; x_wconf 87' lang='lat' dir='ltr'>etc.</span> <span class='ocrx_word' id='word_1_151' title='bbox 548 1931 639 1984; x_wconf 88' lang='lat' dir='ltr'>Brou-</span> <span class='ocrx_word' id='word_1_152' title='bbox 688 1943 868 2001; x_wconf 70' lang='lat' dir='ltr'>praestosum,</span> <span class='ocrx_word' id='word_1_153' title='bbox 878 1931 1030 1999; x_wconf 79' lang='lat' dir='ltr'>quibuscr&#39;er</span> <span class='ocrx_word' id='word_1_154' title='bbox 1040 1933 1109 1985; x_wconf 86' lang='lat' dir='ltr'>tueri</span> <span class='ocrx_word' id='word_1_155' title='bbox 1118 1930 1196 2001; x_wconf 83' lang='lat' dir='ltr'>possi·</span> 
     </span>
    </p>
   </div>
   <div class='ocr_carea' id='block_1_4' title="bbox 133 2005 643 2548">
    <p class='ocr_par' dir='ltr' id='par_1_4' title="bbox 133 2005 643 2548">
     <span class='ocr_line' id='line_1_18' title="bbox 136 2005 641 2078; baseline 0.01 -21"><span class='ocrx_word' id='word_1_156' title='bbox 136 2005 257 2059; x_wconf 82' lang='lat' dir='ltr'>rlrbusius</span> <span class='ocrx_word' id='word_1_157' title='bbox 270 2007 385 2063; x_wconf 82' lang='lat' dir='ltr'>hocloco</span> <span class='ocrx_word' id='word_1_158' title='bbox 397 2011 500 2078; x_wconf 86' lang='lat' dir='ltr'>integra</span> <span class='ocrx_word' id='word_1_159' title='bbox 513 2010 568 2062; x_wconf 82' lang='lat' dir='ltr'>lere</span> <span class='ocrx_word' id='word_1_160' title='bbox 581 2029 641 2078; x_wconf 91' lang='lat' dir='ltr'>poe·</span> 
     </span>
     <span class='ocr_line' id='line_1_19' title="bbox 133 2086 641 2156; baseline 0.008 -20"><span class='ocrx_word' id='word_1_161' title='bbox 133 2096 204 2137; x_wconf 90' lang='lat' dir='ltr'>mata</span> <span class='ocrx_word' id='word_1_162' title='bbox 214 2086 238 2137; x_wconf 93' lang='lat' dir='ltr'>in</span> <span class='ocrx_word' id='word_1_163' title='bbox 252 2106 310 2140; x_wconf 84' lang='lat' dir='ltr'>suas</span> <span class='ocrx_word' id='word_1_164' title='bbox 322 2099 397 2141; x_wconf 89' lang='lat' dir='ltr'>notas</span> <span class='ocrx_word' id='word_1_165' title='bbox 409 2089 566 2152; x_wconf 70' lang='lat' dir='ltr'>transvexit,</span> <span class='ocrx_word' id='word_1_166' title='bbox 581 2089 641 2156; x_wconf 90' lang='lat' dir='ltr'>qui-</span> 
     </span>
     <span class='ocr_line' id='line_1_20' title="bbox 133 2162 639 2235; baseline 0.002 -19"><span class='ocrx_word' id='word_1_167' title='bbox 133 2162 183 2216; x_wconf 91' lang='lat' dir='ltr'>bus</span> <span class='ocrx_word' id='word_1_168' title='bbox 190 2181 238 2216; x_wconf 90' lang='lat' dir='ltr'>nos</span> <span class='ocrx_word' id='word_1_169' title='bbox 251 2164 357 2217; x_wconf 82' lang='lat' dir='ltr'>doceret</span> <span class='ocrx_word' id='word_1_170' title='bbox 367 2166 448 2233; x_wconf 91' lang='lat' dir='ltr'>qualis</span> <span class='ocrx_word' id='word_1_171' title='bbox 457 2166 524 2235; x_wconf 88' lang='lat' dir='ltr'>apud</span> <span class='ocrx_word' id='word_1_172' title='bbox 540 2167 639 2218; x_wconf 84' lang='lat' dir='ltr'>Rorna-</span> 
     </span>
     <span class='ocr_line' id='line_1_21' title="bbox 135 2245 642 2300; baseline 0.002 -3"><span class='ocrx_word' id='word_1_173' title='bbox 135 2263 184 2297; x_wconf 87' lang='lat' dir='ltr'>nos</span> <span class='ocrx_word' id='word_1_174' title='bbox 211 2245 292 2299; x_wconf 84' lang='lat' dir='ltr'>luerit</span> <span class='ocrx_word' id='word_1_175' title='bbox 315 2247 379 2300; x_wconf 89' lang='lat' dir='ltr'>ritus</span> <span class='ocrx_word' id='word_1_176' title='bbox 409 2259 576 2300; x_wconf 89' lang='lat' dir='ltr'>mortuorum</span> <span class='ocrx_word' id='word_1_177' title='bbox 599 2246 642 2298; x_wconf 92' lang='lat' dir='ltr'>eli·</span> 
     </span>
     <span class='ocr_line' id='line_1_22' title="bbox 134 2323 643 2394; baseline 0 -17"><span class='ocrx_word' id='word_1_178' title='bbox 134 2323 297 2377; x_wconf 81' lang='lat' dir='ltr'>tiendorum.</span> <span class='ocrx_word' id='word_1_179' title='bbox 308 2326 385 2378; x_wconf 84' lang='lat' dir='ltr'>illulti</span> <span class='ocrx_word' id='word_1_180' title='bbox 399 2327 460 2391; x_wconf 85' lang='lat' dir='ltr'>viri,</span> <span class='ocrx_word' id='word_1_181' title='bbox 473 2327 542 2394; x_wconf 85' lang='lat' dir='ltr'>iique</span> <span class='ocrx_word' id='word_1_182' title='bbox 553 2326 643 2378; x_wconf 85' lang='lat' dir='ltr'>erudi-</span> 
     </span>
     <span class='ocr_line' id='line_1_23' title="bbox 136 2403 640 2474; baseline 0 -18"><span class='ocrx_word' id='word_1_183' title='bbox 136 2405 243 2467; x_wconf 80' lang='lat' dir='ltr'>tissimi,</span> <span class='ocrx_word' id='word_1_184' title='bbox 259 2404 307 2457; x_wconf 90' lang='lat' dir='ltr'>bac</span> <span class='ocrx_word' id='word_1_185' title='bbox 324 2403 440 2458; x_wconf 71' lang='lat' dir='ltr'>locorum</span> <span class='ocrx_word' id='word_1_186' title='bbox 457 2407 525 2458; x_wconf 91' lang='lat' dir='ltr'>mole</span> <span class='ocrx_word' id='word_1_187' title='bbox 539 2404 640 2474; x_wconf 85' lang='lat' dir='ltr'>decepti</span> 
     </span>
     <span class='ocr_line' id='line_1_24' title="bbox 137 2483 643 2548; baseline 0 -15"><span class='ocrx_word' id='word_1_188' title='bbox 137 2502 171 2534; x_wconf 88' lang='lat' dir='ltr'>eo</span> <span class='ocrx_word' id='word_1_189' title='bbox 190 2483 286 2535; x_wconf 85' lang='lat' dir='ltr'>erroris</span> <span class='ocrx_word' id='word_1_190' title='bbox 298 2502 409 2548; x_wconf 89' lang='lat' dir='ltr'>venere,</span> <span class='ocrx_word' id='word_1_191' title='bbox 429 2494 457 2536; x_wconf 86' lang='lat' dir='ltr'>ut</span> <span class='ocrx_word' id='word_1_192' title='bbox 469 2503 528 2537; x_wconf 85' lang='lat' dir='ltr'>rum</span> <span class='ocrx_word' id='word_1_193' title='bbox 545 2502 643 2535; x_wconf 79' lang='lat' dir='ltr'>evoca-</span> 
     </span>
    </p>
   </div>
   <div class='ocr_carea' id='block_1_5' title="bbox 690 2006 1199 2546">
    <p class='ocr_par' dir='ltr' id='par_1_5' title="bbox 690 2006 1199 2546">
     <span class='ocr_line' id='line_1_25' title="bbox 690 2006 1194 2077; baseline 0.002 -17"><span class='ocrx_word' id='word_1_194' title='bbox 690 2028 756 2061; x_wconf 88' lang='lat' dir='ltr'>mus.</span> <span class='ocrx_word' id='word_1_195' title='bbox 773 2008 908 2061; x_wconf 68' lang='lat' dir='ltr'>Ceterum</span> <span class='ocrx_word' id='word_1_196' title='bbox 925 2018 949 2060; x_wconf 88' lang='lat' dir='ltr'>te</span> <span class='ocrx_word' id='word_1_197' title='bbox 963 2006 994 2058; x_wconf 89' lang='lat' dir='ltr'>ad</span> <span class='ocrx_word' id='word_1_198' title='bbox 1013 2019 1104 2060; x_wconf 91' lang='lat' dir='ltr'>notam</span> <span class='ocrx_word' id='word_1_199' title='bbox 1117 2029 1152 2061; x_wconf 81' lang='lat' dir='ltr'>vs.</span> <span class='ocrx_word' id='word_1_200' title='bbox 1165 2011 1194 2077; x_wconf 73' lang='lat'>47</span> 
     </span>
     <span class='ocr_line' id='line_1_26' title="bbox 690 2084 1195 2143; baseline -0.002 -5"><span class='ocrx_word' id='word_1_201' title='bbox 690 2086 776 2143; x_wconf 74' lang='lat' dir='ltr'>refer:</span> <span class='ocrx_word' id='word_1_202' title='bbox 797 2085 830 2137; x_wconf 92' lang='lat' dir='ltr'>ibi</span> <span class='ocrx_word' id='word_1_203' title='bbox 851 2085 922 2136; x_wconf 89' lang='lat' dir='ltr'>enim</span> <span class='ocrx_word' id='word_1_204' title='bbox 937 2085 972 2136; x_wconf 87' lang='lat' dir='ltr'>ll.</span> <span class='ocrx_word' id='word_1_205' title='bbox 985 2084 1071 2138; x_wconf 84' lang='lat' dir='ltr'>Vossii</span> <span class='ocrx_word' id='word_1_206' title='bbox 1081 2095 1195 2139; x_wconf 88' lang='lat' dir='ltr'>senten-</span> 
     </span>
     <span class='ocr_line' id='line_1_27' title="bbox 690 2163 1197 2217; baseline 0.002 -2"><span class='ocrx_word' id='word_1_207' title='bbox 690 2165 752 2216; x_wconf 87' lang='lat' dir='ltr'>tiam</span> <span class='ocrx_word' id='word_1_208' title='bbox 765 2163 958 2216; x_wconf 84' lang='lat' dir='ltr'>declaravimus.</span> <span class='ocrx_word' id='word_1_209' title='bbox 967 2190 999 2202; x_wconf 91' lang='lat'><em>-</em></span> <span class='ocrx_word' id='word_1_210' title='bbox 1016 2163 1197 2217; x_wconf 79' lang='lat' dir='ltr'>Tenelinrete·</span> 
     </span>
     <span class='ocr_line' id='line_1_28' title="bbox 690 2240 1198 2296; baseline -0.002 0"><span class='ocrx_word' id='word_1_211' title='bbox 690 2253 777 2296; x_wconf 89' lang='lat' dir='ltr'>ratum</span> <span class='ocrx_word' id='word_1_212' title='bbox 794 2243 922 2296; x_wconf 78' lang='lat' dir='ltr'>scribendi</span> <span class='ocrx_word' id='word_1_213' title='bbox 936 2242 1028 2294; x_wconf 84' lang='lat' dir='ltr'>vitium</span> <span class='ocrx_word' id='word_1_214' title='bbox 1045 2242 1111 2295; x_wconf 81' lang='lat' dir='ltr'>milri</span> <span class='ocrx_word' id='word_1_215' title='bbox 1123 2240 1198 2296; x_wconf 81' lang='lat' dir='ltr'>vide-</span> 
     </span>
     <span class='ocr_line' id='line_1_29' title="bbox 691 2318 1199 2390; baseline -0.008 -16"><span class='ocrx_word' id='word_1_216' title='bbox 691 2333 735 2375; x_wconf 92' lang='lat' dir='ltr'>tur</span> <span class='ocrx_word' id='word_1_217' title='bbox 745 2362 752 2387; x_wconf 94' lang='lat'>,</span> <span class='ocrx_word' id='word_1_218' title='bbox 762 2339 845 2390; x_wconf 91' lang='lat' dir='ltr'>quum</span> <span class='ocrx_word' id='word_1_219' title='bbox 859 2322 950 2372; x_wconf 67' lang='lat' dir='ltr'>littere</span> <span class='ocrx_word' id='word_1_220' title='bbox 961 2328 1011 2373; x_wconf 90' lang='lat' dir='ltr'>cet</span> <span class='ocrx_word' id='word_1_221' title='bbox 1020 2330 1033 2371; x_wconf 83' lang='lat' dir='ltr'>r</span> <span class='ocrx_word' id='word_1_222' title='bbox 1041 2318 1068 2371; x_wconf 93' lang='lat' dir='ltr'>in</span> <span class='ocrx_word' id='word_1_223' title='bbox 1076 2318 1134 2373; x_wconf 90' lang='lat' dir='ltr'>cod.</span> <span class='ocrx_word' id='word_1_224' title='bbox 1146 2318 1199 2372; x_wconf 85' lang='lat' dir='ltr'>mi-</span> 
     </span>
     <span class='ocr_line' id='line_1_30' title="bbox 692 2397 1199 2455; baseline -0.012 0"><span class='ocrx_word' id='word_1_225' title='bbox 692 2401 805 2455; x_wconf 83' lang='lat' dir='ltr'>nusculis</span> <span class='ocrx_word' id='word_1_226' title='bbox 813 2400 903 2452; x_wconf 86' lang='lat' dir='ltr'>litteris</span> <span class='ocrx_word' id='word_1_227' title='bbox 915 2399 1024 2451; x_wconf 79' lang='lat' dir='ltr'>exaratis</span> <span class='ocrx_word' id='word_1_228' title='bbox 1036 2409 1108 2451; x_wconf 86' lang='lat' dir='ltr'>tanta</span> <span class='ocrx_word' id='word_1_229' title='bbox 1120 2399 1153 2453; x_wconf 87' lang='lat' dir='ltr'>sit</span> <span class='ocrx_word' id='word_1_230' title='bbox 1162 2397 1199 2453; x_wconf 90' lang='lat' dir='ltr'>si·</span> 
     </span>
     <span class='ocr_line' id='line_1_31' title="bbox 692 2476 1199 2546; baseline -0.006 -13"><span class='ocrx_word' id='word_1_231' title='bbox 692 2479 829 2543; x_wconf 70' lang='lat' dir='ltr'>militudo,</span> <span class='ocrx_word' id='word_1_232' title='bbox 842 2488 871 2531; x_wconf 87' lang='lat' dir='ltr'>ut</span> <span class='ocrx_word' id='word_1_233' title='bbox 885 2479 965 2531; x_wconf 87' lang='lat' dir='ltr'>oculis</span> <span class='ocrx_word' id='word_1_234' title='bbox 976 2479 1017 2530; x_wconf 80' lang='lat' dir='ltr'>rix</span> <span class='ocrx_word' id='word_1_235' title='bbox 1028 2478 1128 2546; x_wconf 77' lang='lat' dir='ltr'>possint</span> <span class='ocrx_word' id='word_1_236' title='bbox 1145 2476 1199 2530; x_wconf 86' lang='lat' dir='ltr'>dis·</span> 
     </span>
    </p>
   </div>
   <div class='ocr_carea' id='block_1_6' title="bbox 137 2556 1200 2627">
    <p class='ocr_par' dir='ltr' id='par_1_6' title="bbox 137 2556 1200 2627">
     <span class='ocr_line' id='line_1_32' title="bbox 137 2556 1200 2627; baseline -0.002 -15"><span class='ocrx_word' id='word_1_237' title='bbox 137 2560 252 2612; x_wconf 84' lang='lat' dir='ltr'>tionibus</span> <span class='ocrx_word' id='word_1_238' title='bbox 260 2559 389 2626; x_wconf 83' lang='lat' dir='ltr'>deorum,</span> <span class='ocrx_word' id='word_1_239' title='bbox 405 2563 569 2616; x_wconf 83' lang='lat' dir='ltr'>evocationes</span> <span class='ocrx_word' id='word_1_240' title='bbox 577 2580 645 2612; x_wconf 75' lang='lat' dir='ltr'>mon</span> <span class='ocrx_word' id='word_1_241' title='bbox 690 2560 772 2613; x_wconf 79' lang='lat' dir='ltr'>cerui.</span> <span class='ocrx_word' id='word_1_242' title='bbox 783 2560 868 2611; x_wconf 74' lang='lat' dir='ltr'>Btcn.</span> <span class='ocrx_word' id='word_1_243' title='bbox 876 2586 910 2598; x_wconf 91' lang='lat'>-</span> <span class='ocrx_word' id='word_1_244' title='bbox 922 2559 953 2612; x_wconf 92' lang='lat' dir='ltr'>ln</span> <span class='ocrx_word' id='word_1_245' title='bbox 965 2557 1050 2627; x_wconf 89' lang='lat' dir='ltr'>primo</span> <span class='ocrx_word' id='word_1_246' title='bbox 1057 2556 1200 2611; x_wconf 83' lang='lat' dir='ltr'>Wittiauo</span> 
     </span>
    </p>
   </div>
   <div class='ocr_carea' id='block_1_7' title="bbox 137 2638 646 2943">
    <p class='ocr_par' dir='ltr' id='par_1_7' title="bbox 137 2638 646 2943">
     <span class='ocr_line' id='line_1_33' title="bbox 137 2638 643 2711; baseline 0.01 -23"><span class='ocrx_word' id='word_1_247' title='bbox 137 2647 247 2689; x_wconf 87' lang='lat' dir='ltr'>tuorum</span> <span class='ocrx_word' id='word_1_248' title='bbox 264 2638 471 2706; x_wconf 78' lang='lat' dir='ltr'>conlunderent,</span> <span class='ocrx_word' id='word_1_249' title='bbox 484 2660 542 2711; x_wconf 74' lang='lat' dir='ltr'>quas</span> <span class='ocrx_word' id='word_1_250' title='bbox 554 2651 643 2693; x_wconf 89' lang='lat' dir='ltr'>tamen</span> 
     </span>
     <span class='ocr_line' id='line_1_34' title="bbox 137 2715 644 2786; baseline 0.008 -19"><span class='ocrx_word' id='word_1_251' title='bbox 137 2715 210 2767; x_wconf 87' lang='lat' dir='ltr'>inter</span> <span class='ocrx_word' id='word_1_252' title='bbox 220 2737 247 2768; x_wconf 91' lang='lat' dir='ltr'>se</span> <span class='ocrx_word' id='word_1_253' title='bbox 260 2717 371 2770; x_wconf 86' lang='lat' dir='ltr'>omnino</span> <span class='ocrx_word' id='word_1_254' title='bbox 385 2718 514 2772; x_wconf 74' lang='lat' dir='ltr'>differunt</span> <span class='ocrx_word' id='word_1_255' title='bbox 527 2740 533 2772; x_wconf 73' lang='grc' dir='ltr'><strong>ι</strong></span> <span class='ocrx_word' id='word_1_256' title='bbox 546 2719 644 2786; x_wconf 87' lang='lat' dir='ltr'>iidem,</span> 
     </span>
     <span class='ocr_line' id='line_1_35' title="bbox 139 2795 646 2869; baseline 0.01 -22"><span class='ocrx_word' id='word_1_257' title='bbox 139 2813 173 2847; x_wconf 87' lang='lat' dir='ltr'>ne</span> <span class='ocrx_word' id='word_1_258' title='bbox 193 2795 288 2849; x_wconf 90' lang='lat' dir='ltr'>iterum</span> <span class='ocrx_word' id='word_1_259' title='bbox 308 2799 539 2867; x_wconf 80' lang='lat' dir='ltr'>caterraer&#39;rsernae,</span> <span class='ocrx_word' id='word_1_260' title='bbox 563 2801 646 2869; x_wconf 82' lang='lat' dir='ltr'>(quas</span> 
     </span>
     <span class='ocr_line' id='line_1_36' title="bbox 141 2875 646 2943; baseline 0.01 -20"><span class='ocrx_word' id='word_1_261' title='bbox 141 2890 202 2924; x_wconf 86' lang='lat' dir='ltr'>cum</span> <span class='ocrx_word' id='word_1_262' title='bbox 214 2875 333 2928; x_wconf 86' lang='lat' dir='ltr'>manibus</span> <span class='ocrx_word' id='word_1_263' title='bbox 339 2877 518 2943; x_wconf 83' lang='lat' dir='ltr'>permiscent),</span> <span class='ocrx_word' id='word_1_264' title='bbox 526 2877 582 2930; x_wconf 84' lang='lat' dir='ltr'>loro</span> <span class='ocrx_word' id='word_1_265' title='bbox 592 2896 646 2928; x_wconf 88' lang='lat' dir='ltr'>mo·</span> 
     </span>
    </p>
   </div>
   <div class='ocr_carea' id='block_1_8' title="bbox 694 2635 1203 2940">
    <p class='ocr_par' dir='ltr' id='par_1_8' title="bbox 694 2635 1203 2940">
     <span class='ocr_line' id='line_1_37' title="bbox 694 2635 1200 2706; baseline -0.004 -16"><span class='ocrx_word' id='word_1_266' title='bbox 694 2649 721 2691; x_wconf 85' lang='lat' dir='ltr'>et</span> <span class='ocrx_word' id='word_1_267' title='bbox 734 2638 812 2690; x_wconf 86' lang='lat' dir='ltr'>tertio</span> <span class='ocrx_word' id='word_1_268' title='bbox 823 2657 851 2689; x_wconf 85' lang='lat' dir='ltr'>ac</span> <span class='ocrx_word' id='word_1_269' title='bbox 864 2648 958 2706; x_wconf 85' lang='lat' dir='ltr'>quarto</span> <span class='ocrx_word' id='word_1_270' title='bbox 969 2635 1119 2705; x_wconf 78' lang='lat' dir='ltr'>Anglicanis</span> <span class='ocrx_word' id='word_1_271' title='bbox 1128 2645 1200 2701; x_wconf 77' lang='lat' dir='ltr'>erat,</span> 
     </span>
     <span class='ocr_line' id='line_1_38' title="bbox 694 2715 1202 2785; baseline 0.004 -18"><span class='ocrx_word' id='word_1_272' title='bbox 694 2722 792 2784; x_wconf 75' lang='lat' dir='ltr'>magico</span> <span class='ocrx_word' id='word_1_273' title='bbox 811 2736 928 2769; x_wconf 83' lang='lat' dir='ltr'>sermone.</span> <span class='ocrx_word' id='word_1_274' title='bbox 939 2715 1016 2769; x_wconf 87' lang='lat' dir='ltr'>Falso</span> <span class='ocrx_word' id='word_1_275' title='bbox 1027 2726 1107 2785; x_wconf 87' lang='lat' dir='ltr'>atque</span> <span class='ocrx_word' id='word_1_276' title='bbox 1121 2715 1202 2769; x_wconf 77' lang='lat' dir='ltr'>inve-</span> 
     </span>
     <span class='ocr_line' id='line_1_39' title="bbox 694 2791 1202 2856; baseline -0.008 -8"><span class='ocrx_word' id='word_1_277' title='bbox 694 2805 785 2856; x_wconf 77' lang='lat' dir='ltr'>nuste3</span> <span class='ocrx_word' id='word_1_278' title='bbox 801 2797 903 2848; x_wconf 83' lang='lat' dir='ltr'>stridere</span> <span class='ocrx_word' id='word_1_279' title='bbox 922 2805 949 2846; x_wconf 82' lang='lat' dir='ltr'>et</span> <span class='ocrx_word' id='word_1_280' title='bbox 967 2795 1061 2846; x_wconf 77' lang='lat' dir='ltr'>stridor</span> <span class='ocrx_word' id='word_1_281' title='bbox 1078 2791 1202 2847; x_wconf 78' lang='lat' dir='ltr'>voeabula</span> 
     </span>
     <span class='ocr_line' id='line_1_40' title="bbox 695 2869 1203 2940; baseline -0.002 -16"><span class='ocrx_word' id='word_1_282' title='bbox 695 2871 867 2940; x_wconf 85' lang='lat' dir='ltr'>suntpropria</span> <span class='ocrx_word' id='word_1_283' title='bbox 875 2869 1056 2924; x_wconf 68' lang='lat' dir='ltr'>abominandis</span> <span class='ocrx_word' id='word_1_284' title='bbox 1065 2871 1203 2924; x_wconf 74' lang='lat' dir='ltr'>arstszeon</span> 
     </span>
    </p>
   </div>
   <div class='ocr_carea' id='block_1_9' title="bbox 141 2948 1213 4274">
    <p class='ocr_par' dir='ltr' id='par_1_9' title="bbox 141 2948 1205 3254">
     <span class='ocr_line' id='line_1_41' title="bbox 141 2948 1203 3025; baseline 0.003 -27"><span class='ocrx_word' id='word_1_285' title='bbox 141 2960 281 3015; x_wconf 80' lang='lat' dir='ltr'>verentur,</span> <span class='ocrx_word' id='word_1_286' title='bbox 303 2971 367 3005; x_wconf 86' lang='lat' dir='ltr'>vers.</span> <span class='ocrx_word' id='word_1_287' title='bbox 382 2957 414 3025; x_wconf 68' lang='lat'>49</span> <span class='ocrx_word' id='word_1_288' title='bbox 427 2954 569 3024; x_wconf 73' lang='lat' dir='ltr'>genuinam</span> <span class='ocrx_word' id='word_1_289' title='bbox 589 2955 647 3007; x_wconf 86' lang='lat' dir='ltr'>ler-</span> <span class='ocrx_word' id='word_1_290' title='bbox 695 2952 737 3005; x_wconf 84' lang='lat' dir='ltr'>ser</span> <span class='ocrx_word' id='word_1_291' title='bbox 748 2951 876 3014; x_wconf 79' lang='lat' dir='ltr'>Statium,</span> <span class='ocrx_word' id='word_1_292' title='bbox 889 2949 931 3003; x_wconf 88' lang='lat' dir='ltr'>lib.</span> <span class='ocrx_word' id='word_1_293' title='bbox 945 2950 1014 3015; x_wconf 86' lang='lat' dir='ltr'>Vll,</span> <span class='ocrx_word' id='word_1_294' title='bbox 1033 2948 1118 3002; x_wconf 85' lang='lat' dir='ltr'>Theb.</span> <span class='ocrx_word' id='word_1_295' title='bbox 1138 2967 1203 3019; x_wconf 63' lang='grc' dir='ltr'>ψη</span> 
     </span>
     <span class='ocr_line' id='line_1_42' title="bbox 143 3024 1205 3100; baseline 0.003 -23"><span class='ocrx_word' id='word_1_296' title='bbox 143 3024 243 3078; x_wconf 88' lang='lat' dir='ltr'>tionem</span> <span class='ocrx_word' id='word_1_297' title='bbox 255 3027 341 3080; x_wconf 86' lang='lat' dir='ltr'>delere</span> <span class='ocrx_word' id='word_1_298' title='bbox 351 3031 456 3096; x_wconf 87' lang='lat' dir='ltr'>volunt,</span> <span class='ocrx_word' id='word_1_299' title='bbox 469 3033 546 3100; x_wconf 87' lang='lat' dir='ltr'>eique</span> <span class='ocrx_word' id='word_1_300' title='bbox 557 3031 648 3085; x_wconf 90' lang='lat' dir='ltr'>substi·</span> <span class='ocrx_word' id='word_1_301' title='bbox 697 3029 791 3082; x_wconf 91' lang='lat' dir='ltr'>Silium</span> <span class='ocrx_word' id='word_1_302' title='bbox 800 3028 863 3093; x_wconf 68' lang='lat' dir='ltr'>„tib</span> <span class='ocrx_word' id='word_1_303' title='bbox 872 3027 954 3093; x_wconf 88' lang='lat' dir='ltr'>Vlll,</span> <span class='ocrx_word' id='word_1_304' title='bbox 970 3030 1091 3081; x_wconf 73' lang='lat' dir='ltr'>venabor</span> <span class='ocrx_word' id='word_1_305' title='bbox 1102 3048 1110 3090; x_wconf 82' lang='lat'><strong>;</strong></span> <span class='ocrx_word' id='word_1_306' title='bbox 1122 3025 1205 3081; x_wconf 87' lang='lat' dir='ltr'>Clau-</span> 
     </span>
     <span class='ocr_line' id='line_1_43' title="bbox 144 3105 1204 3175; baseline 0.003 -20"><span class='ocrx_word' id='word_1_307' title='bbox 144 3114 254 3156; x_wconf 89' lang='lat' dir='ltr'>tuerunt</span> <span class='ocrx_word' id='word_1_308' title='bbox 262 3116 341 3170; x_wconf 65' lang='lat' dir='ltr'>leuel,⁴</span> <span class='ocrx_word' id='word_1_309' title='bbox 354 3109 423 3175; x_wconf 90' lang='lat' dir='ltr'>quod</span> <span class='ocrx_word' id='word_1_310' title='bbox 438 3129 491 3162; x_wconf 90' lang='lat' dir='ltr'>non</span> <span class='ocrx_word' id='word_1_311' title='bbox 500 3110 549 3163; x_wconf 89' lang='lat' dir='ltr'>nisi</span> <span class='ocrx_word' id='word_1_312' title='bbox 561 3109 593 3161; x_wconf 91' lang='lat' dir='ltr'>ab</span> <span class='ocrx_word' id='word_1_313' title='bbox 604 3128 648 3161; x_wconf 90' lang='lat' dir='ltr'>er·</span> <span class='ocrx_word' id='word_1_314' title='bbox 698 3108 808 3160; x_wconf 88' lang='lat' dir='ltr'>dianum</span> <span class='ocrx_word' id='word_1_315' title='bbox 817 3148 825 3174; x_wconf 90' lang='lat'>,</span> <span class='ocrx_word' id='word_1_316' title='bbox 834 3108 860 3160; x_wconf 96' lang='lat' dir='ltr'>in</span> <span class='ocrx_word' id='word_1_317' title='bbox 871 3107 934 3160; x_wconf 77' lang='lat' dir='ltr'>Rus.</span> <span class='ocrx_word' id='word_1_318' title='bbox 943 3105 985 3159; x_wconf 94' lang='lat' dir='ltr'>lib.</span> <span class='ocrx_word' id='word_1_319' title='bbox 994 3107 1021 3173; x_wconf 94' lang='lat' dir='ltr'>l,</span> <span class='ocrx_word' id='word_1_320' title='bbox 1033 3106 1089 3171; x_wconf 78' lang='lat'>1²6,</span> <span class='ocrx_word' id='word_1_321' title='bbox 1096 3116 1146 3160; x_wconf 82' lang='lat' dir='ltr'>etc.</span> <span class='ocrx_word' id='word_1_322' title='bbox 1154 3117 1204 3160; x_wconf 83' lang='lat' dir='ltr'>ete.</span> 
     </span>
     <span class='ocr_line' id='line_1_44' title="bbox 145 3183 848 3254; baseline 0.006 -20"><span class='ocrx_word' id='word_1_323' title='bbox 145 3202 205 3236; x_wconf 87' lang='lat' dir='ltr'>rore</span> <span class='ocrx_word' id='word_1_324' title='bbox 213 3183 377 3236; x_wconf 85' lang='lat' dir='ltr'>librariorum</span> <span class='ocrx_word' id='word_1_325' title='bbox 386 3187 510 3254; x_wconf 85' lang='lat' dir='ltr'>procedit.</span> <span class='ocrx_word' id='word_1_326' title='bbox 522 3189 557 3240; x_wconf 84' lang='lat' dir='ltr'>ll.</span> <span class='ocrx_word' id='word_1_327' title='bbox 568 3189 648 3241; x_wconf 86' lang='lat' dir='ltr'>Voss.</span> <span class='ocrx_word' id='word_1_328' title='bbox 698 3187 848 3241; x_wconf 76' lang='lat' dir='ltr'>Bttoucun.</span> 
     </span>
    </p>

    <p class='ocr_par' dir='ltr' id='par_1_10' title="bbox 146 3262 1213 4274">
     <span class='ocr_line' id='line_1_45' title="bbox 178 3262 1206 3332; baseline 0.002 -18"><span class='ocrx_word' id='word_1_329' title='bbox 178 3262 217 3326; x_wconf 72' lang='grc'>48.</span> <span class='ocrx_word' id='word_1_330' title='bbox 232 3263 268 3312; x_wconf 82' lang='lat' dir='ltr'>E!</span> <span class='ocrx_word' id='word_1_331' title='bbox 285 3266 367 3329; x_wconf 67' lang='lat' dir='ltr'>reptio</span> <span class='ocrx_word' id='word_1_332' title='bbox 383 3268 487 3317; x_wconf 68' lang='lat' dir='ltr'>devocat</span> <span class='ocrx_word' id='word_1_333' title='bbox 505 3284 566 3316; x_wconf 84' lang='lat' dir='ltr'>ossa</span> <span class='ocrx_word' id='word_1_334' title='bbox 583 3285 649 3331; x_wconf 72' lang='lat' dir='ltr'>rogo.</span> <span class='ocrx_word' id='word_1_335' title='bbox 733 3271 771 3320; x_wconf 86' lang='lat'>50.</span> <span class='ocrx_word' id='word_1_336' title='bbox 790 3269 850 3318; x_wconf 77' lang='lat' dir='ltr'>lam</span> <span class='ocrx_word' id='word_1_337' title='bbox 857 3265 1099 3332; x_wconf 76' lang='lat' dir='ltr'>judctadspersas...</span> <span class='ocrx_word' id='word_1_338' title='bbox 1115 3262 1206 3330; x_wconf 77' lang='lat' dir='ltr'>Hujus</span> 
     </span>
     <span class='ocr_line' id='line_1_46' title="bbox 146 3340 1207 3415; baseline 0.002 -23"><span class='ocrx_word' id='word_1_339' title='bbox 146 3340 213 3392; x_wconf 67' lang='lat' dir='ltr'>lino</span> <span class='ocrx_word' id='word_1_340' title='bbox 222 3340 297 3409; x_wconf 79' lang='lat' dir='ltr'>vulgo</span> <span class='ocrx_word' id='word_1_341' title='bbox 307 3362 338 3393; x_wconf 86' lang='lat' dir='ltr'>eo</span> <span class='ocrx_word' id='word_1_342' title='bbox 350 3342 470 3394; x_wconf 81' lang='lat' dir='ltr'>referunt</span> <span class='ocrx_word' id='word_1_343' title='bbox 478 3344 650 3411; x_wconf 88' lang='lat' dir='ltr'>interpretes,</span> <span class='ocrx_word' id='word_1_344' title='bbox 700 3344 871 3415; x_wconf 81' lang='lat' dir='ltr'>adspersionis</span> <span class='ocrx_word' id='word_1_345' title='bbox 887 3344 914 3396; x_wconf 93' lang='lat' dir='ltr'>in</span> <span class='ocrx_word' id='word_1_346' title='bbox 933 3341 1095 3396; x_wconf 87' lang='lat' dir='ltr'>dimittendis</span> <span class='ocrx_word' id='word_1_347' title='bbox 1106 3341 1207 3395; x_wconf 87' lang='lat' dir='ltr'>umbris</span> 
     </span>
     <span class='ocr_line' id='line_1_47' title="bbox 147 3418 1206 3492; baseline 0.003 -23"><span class='ocrx_word' id='word_1_348' title='bbox 147 3429 177 3470; x_wconf 87' lang='lat' dir='ltr'>ut</span> <span class='ocrx_word' id='word_1_349' title='bbox 191 3437 273 3471; x_wconf 87' lang='lat' dir='ltr'>ossae</span> <span class='ocrx_word' id='word_1_350' title='bbox 291 3418 423 3470; x_wconf 86' lang='lat' dir='ltr'>cineribus</span> <span class='ocrx_word' id='word_1_351' title='bbox 435 3419 503 3488; x_wconf 83' lang='lat' dir='ltr'>legat</span> <span class='ocrx_word' id='word_1_352' title='bbox 516 3420 650 3488; x_wconf 79' lang='lat' dir='ltr'>venefica,</span> <span class='ocrx_word' id='word_1_353' title='bbox 702 3423 839 3492; x_wconf 82' lang='lat' dir='ltr'>perexigua</span> <span class='ocrx_word' id='word_1_354' title='bbox 856 3432 894 3474; x_wconf 84' lang='lat' dir='ltr'>est</span> <span class='ocrx_word' id='word_1_355' title='bbox 906 3422 1048 3484; x_wconf 87' lang='lat' dir='ltr'>memoria,</span> <span class='ocrx_word' id='word_1_356' title='bbox 1063 3439 1126 3472; x_wconf 87' lang='lat' dir='ltr'>nam</span> <span class='ocrx_word' id='word_1_357' title='bbox 1142 3418 1206 3472; x_wconf 87' lang='lat' dir='ltr'>reli-</span> 
     </span>
     <span class='ocr_line' id='line_1_48' title="bbox 149 3495 1206 3569; baseline 0.001 -21"><span class='ocrx_word' id='word_1_358' title='bbox 149 3497 242 3566; x_wconf 88' lang='lat' dir='ltr'>quibus</span> <span class='ocrx_word' id='word_1_359' title='bbox 253 3495 284 3549; x_wconf 87' lang='lat' dir='ltr'>ad</span> <span class='ocrx_word' id='word_1_360' title='bbox 294 3497 451 3551; x_wconf 80' lang='lat' dir='ltr'>maleficium</span> <span class='ocrx_word' id='word_1_361' title='bbox 459 3509 554 3552; x_wconf 89' lang='lat' dir='ltr'>utatur.</span> <span class='ocrx_word' id='word_1_362' title='bbox 564 3500 652 3552; x_wconf 83' lang='lat' dir='ltr'>Enim</span> <span class='ocrx_word' id='word_1_363' title='bbox 701 3521 768 3569; x_wconf 86' lang='lat' dir='ltr'>quus</span> <span class='ocrx_word' id='word_1_364' title='bbox 782 3501 852 3553; x_wconf 86' lang='lat' dir='ltr'>lactis</span> <span class='ocrx_word' id='word_1_365' title='bbox 861 3519 921 3552; x_wconf 87' lang='lat' dir='ltr'>usus</span> <span class='ocrx_word' id='word_1_366' title='bbox 930 3499 956 3550; x_wconf 94' lang='lat' dir='ltr'>in</span> <span class='ocrx_word' id='word_1_367' title='bbox 970 3497 1117 3551; x_wconf 88' lang='lat' dir='ltr'>libamentis</span> <span class='ocrx_word' id='word_1_368' title='bbox 1127 3514 1206 3549; x_wconf 89' lang='lat' dir='ltr'>mor-</span> 
     </span>
     <span class='ocr_line' id='line_1_49' title="bbox 147 3576 1206 3646; baseline 0.011 -24"><span class='ocrx_word' id='word_1_369' title='bbox 147 3592 211 3625; x_wconf 84' lang='lat' dir='ltr'>vero</span> <span class='ocrx_word' id='word_1_370' title='bbox 222 3583 359 3626; x_wconf 83' lang='lat' dir='ltr'>enumerat</span> <span class='ocrx_word' id='word_1_371' title='bbox 368 3585 443 3642; x_wconf 88' lang='lat' dir='ltr'>poeta</span> <span class='ocrx_word' id='word_1_372' title='bbox 451 3576 529 3628; x_wconf 89' lang='lat' dir='ltr'>miras</span> <span class='ocrx_word' id='word_1_373' title='bbox 537 3576 613 3643; x_wconf 86' lang='lat' dir='ltr'>istas,</span> <span class='ocrx_word' id='word_1_374' title='bbox 625 3588 653 3631; x_wconf 85' lang='lat' dir='ltr'>et</span> <span class='ocrx_word' id='word_1_375' title='bbox 702 3594 827 3646; x_wconf 79' lang='lat' dir='ltr'>tuorum,</span> <span class='ocrx_word' id='word_1_376' title='bbox 840 3591 866 3634; x_wconf 87' lang='lat' dir='ltr'>et</span> <span class='ocrx_word' id='word_1_377' title='bbox 880 3581 907 3633; x_wconf 89' lang='lat' dir='ltr'>in</span> <span class='ocrx_word' id='word_1_378' title='bbox 924 3580 1075 3632; x_wconf 80' lang='lat' dir='ltr'>evocatione</span> <span class='ocrx_word' id='word_1_379' title='bbox 1094 3576 1206 3630; x_wconf 83' lang='lat' dir='ltr'>deornm</span> 
     </span>
     <span class='ocr_line' id='line_1_50' title="bbox 147 3651 1208 3725; baseline 0.005 -21"><span class='ocrx_word' id='word_1_380' title='bbox 147 3651 289 3721; x_wconf 83' lang='lat' dir='ltr'>stupendas</span> <span class='ocrx_word' id='word_1_381' title='bbox 302 3652 377 3721; x_wconf 88' lang='lat' dir='ltr'>plane</span> <span class='ocrx_word' id='word_1_382' title='bbox 389 3672 456 3723; x_wconf 80' lang='lat' dir='ltr'>sagro</span> <span class='ocrx_word' id='word_1_383' title='bbox 468 3656 653 3725; x_wconf 69' lang='lat' dir='ltr'>potentissime</span> <span class='ocrx_word' id='word_1_384' title='bbox 703 3661 839 3725; x_wconf 89' lang='lat' dir='ltr'>manium,</span> <span class='ocrx_word' id='word_1_385' title='bbox 856 3678 908 3711; x_wconf 87' lang='lat' dir='ltr'>una</span> <span class='ocrx_word' id='word_1_386' title='bbox 918 3677 978 3711; x_wconf 86' lang='lat' dir='ltr'>rum</span> <span class='ocrx_word' id='word_1_387' title='bbox 988 3657 1065 3711; x_wconf 91' lang='lat' dir='ltr'>melle</span> <span class='ocrx_word' id='word_1_388' title='bbox 1076 3674 1208 3710; x_wconf 81' lang='lat' dir='ltr'>accroore</span> 
     </span>
     <span class='ocr_line' id='line_1_51' title="bbox 148 3730 1210 3804; baseline 0.005 -22"><span class='ocrx_word' id='word_1_389' title='bbox 148 3730 296 3799; x_wconf 73' lang='lat' dir='ltr'>prestigias.</span> <span class='ocrx_word' id='word_1_390' title='bbox 315 3732 456 3799; x_wconf 88' lang='lat' dir='ltr'>Quantum</span> <span class='ocrx_word' id='word_1_391' title='bbox 481 3746 569 3788; x_wconf 84' lang='lat' dir='ltr'>autem</span> <span class='ocrx_word' id='word_1_392' title='bbox 590 3735 654 3789; x_wconf 94' lang='lat' dir='ltr'>illud</span> <span class='ocrx_word' id='word_1_393' title='bbox 703 3740 866 3793; x_wconf 81' lang='lat' dir='ltr'>victimarum</span> <span class='ocrx_word' id='word_1_394' title='bbox 876 3748 902 3791; x_wconf 87' lang='lat' dir='ltr'>et</span> <span class='ocrx_word' id='word_1_395' title='bbox 914 3737 1138 3804; x_wconf 86' lang='lat' dir='ltr'>mero,aliorsum</span> <span class='ocrx_word' id='word_1_396' title='bbox 1149 3754 1210 3804; x_wconf 81' lang='lat' dir='ltr'>per·</span> 
     </span>
     <span class='ocr_line' id='line_1_52' title="bbox 149 3808 1209 3884; baseline 0.004 -22"><span class='ocrx_word' id='word_1_397' title='bbox 149 3819 203 3873; x_wconf 89' lang='lat' dir='ltr'>est,</span> <span class='ocrx_word' id='word_1_398' title='bbox 223 3828 278 3862; x_wconf 80' lang='lat' dir='ltr'>ossa</span> <span class='ocrx_word' id='word_1_399' title='bbox 292 3808 323 3862; x_wconf 87' lang='lat' dir='ltr'>de</span> <span class='ocrx_word' id='word_1_400' title='bbox 336 3829 399 3880; x_wconf 82' lang='lat' dir='ltr'>rogo</span> <span class='ocrx_word' id='word_1_401' title='bbox 411 3811 515 3882; x_wconf 85' lang='lat' dir='ltr'>legere?</span> <span class='ocrx_word' id='word_1_402' title='bbox 526 3813 574 3868; x_wconf 81' lang='lat' dir='ltr'>nisi</span> <span class='ocrx_word' id='word_1_403' title='bbox 586 3815 653 3868; x_wconf 85' lang='lat' dir='ltr'>forte</span> <span class='ocrx_word' id='word_1_404' title='bbox 705 3816 810 3870; x_wconf 73' lang='lat' dir='ltr'>sinebat·</span> <span class='ocrx_word' id='word_1_405' title='bbox 819 3814 1031 3884; x_wconf 85' lang='lat' dir='ltr'>PapiniusTlreb.</span> <span class='ocrx_word' id='word_1_406' title='bbox 1039 3813 1081 3866; x_wconf 91' lang='lat' dir='ltr'>lib.</span> <span class='ocrx_word' id='word_1_407' title='bbox 1092 3812 1209 3881; x_wconf 55' lang='lat' dir='ltr'>tusa,</span> 
     </span>
     <span class='ocr_line' id='line_1_53' title="bbox 150 3888 1211 3963; baseline 0.006 -23"><span class='ocrx_word' id='word_1_408' title='bbox 150 3889 177 3940; x_wconf 92' lang='lat' dir='ltr'>in</span> <span class='ocrx_word' id='word_1_409' title='bbox 187 3906 219 3939; x_wconf 90' lang='lat' dir='ltr'>eo</span> <span class='ocrx_word' id='word_1_410' title='bbox 229 3888 290 3941; x_wconf 84' lang='lat' dir='ltr'>artis</span> <span class='ocrx_word' id='word_1_411' title='bbox 300 3908 403 3944; x_wconf 90' lang='lat' dir='ltr'>summa</span> <span class='ocrx_word' id='word_1_412' title='bbox 416 3893 496 3961; x_wconf 83' lang='lat' dir='ltr'>posita</span> <span class='ocrx_word' id='word_1_413' title='bbox 504 3905 557 3958; x_wconf 88' lang='lat' dir='ltr'>est,</span> <span class='ocrx_word' id='word_1_414' title='bbox 566 3893 653 3963; x_wconf 86' lang='lat' dir='ltr'>quod,</span> <span class='ocrx_word' id='word_1_415' title='bbox 705 3914 750 3948; x_wconf 90' lang='lat' dir='ltr'>ore</span> <span class='ocrx_word' id='word_1_416' title='bbox 758 3895 866 3947; x_wconf 81' lang='lat' dir='ltr'>&#39;l&#39;iresire</span> <span class='ocrx_word' id='word_1_417' title='bbox 876 3913 882 3946; x_wconf 93' lang='lat'>:</span> <span class='ocrx_word' id='word_1_418' title='bbox 893 3916 906 3940; x_wconf 75' lang='lat' dir='ltr'>r</span> <span class='ocrx_word' id='word_1_419' title='bbox 918 3894 1050 3963; x_wconf 80' lang='lat' dir='ltr'>Argolicas</span> <span class='ocrx_word' id='word_1_420' title='bbox 1064 3893 1146 3962; x_wconf 87' lang='lat' dir='ltr'>magis</span> <span class='ocrx_word' id='word_1_421' title='bbox 1157 3893 1211 3946; x_wconf 85' lang='lat' dir='ltr'>huo</span> 
     </span>
     <span class='ocr_line' id='line_1_54' title="bbox 150 3963 1211 4041; baseline 0.007 -26"><span class='ocrx_word' id='word_1_422' title='bbox 150 3963 300 4017; x_wconf 77' lang='lat' dir='ltr'>ridentibus</span> <span class='ocrx_word' id='word_1_423' title='bbox 316 3976 343 4017; x_wconf 85' lang='lat' dir='ltr'>et</span> <span class='ocrx_word' id='word_1_424' title='bbox 361 3971 529 4037; x_wconf 50' lang='lat' dir='ltr'>presentibus</span> <span class='ocrx_word' id='word_1_425' title='bbox 546 3971 591 4038; x_wconf 87' lang='lat' dir='ltr'>iis,</span> <span class='ocrx_word' id='word_1_426' title='bbox 611 3969 655 4041; x_wconf 93' lang='lat' dir='ltr'>qui</span> <span class='ocrx_word' id='word_1_427' title='bbox 706 3969 805 4039; x_wconf 86' lang='lat' dir='ltr'>appelle</span> <span class='ocrx_word' id='word_1_428' title='bbox 817 3970 948 4039; x_wconf 82' lang='lat' dir='ltr'>precando</span> <span class='ocrx_word' id='word_1_429' title='bbox 956 3970 1147 4038; x_wconf 84' lang='lat' dir='ltr'>Thebanasque</span> <span class='ocrx_word' id='word_1_430' title='bbox 1155 3967 1211 4023; x_wconf 86' lang='lat' dir='ltr'>ani·</span> 
     </span>
     <span class='ocr_line' id='line_1_55' title="bbox 151 4039 1211 4117; baseline 0.008 -26"><span class='ocrx_word' id='word_1_431' title='bbox 151 4041 180 4093; x_wconf 90' lang='lat' dir='ltr'>in</span> <span class='ocrx_word' id='word_1_432' title='bbox 200 4039 300 4095; x_wconf 80' lang='lat' dir='ltr'>funeris</span> <span class='ocrx_word' id='word_1_433' title='bbox 319 4043 494 4115; x_wconf 84' lang='lat' dir='ltr'>olsrriosunt,</span> <span class='ocrx_word' id='word_1_434' title='bbox 509 4048 619 4103; x_wconf 79' lang='lat' dir='ltr'>cadaver</span> <span class='ocrx_word' id='word_1_435' title='bbox 641 4069 655 4102; x_wconf 87' lang='lat' dir='ltr'>e</span> <span class='ocrx_word' id='word_1_436' title='bbox 706 4066 774 4110; x_wconf 84' lang='lat' dir='ltr'>mas;</span> <span class='ocrx_word' id='word_1_437' title='bbox 789 4046 850 4101; x_wconf 84' lang='lat' dir='ltr'>alias</span> <span class='ocrx_word' id='word_1_438' title='bbox 863 4058 983 4101; x_wconf 78' lang='lat' dir='ltr'>avertere</span> <span class='ocrx_word' id='word_1_439' title='bbox 1000 4065 1114 4117; x_wconf 78' lang='lat' dir='ltr'>gressus,</span> <span class='ocrx_word' id='word_1_440' title='bbox 1133 4046 1211 4100; x_wconf 74' lang='lat' dir='ltr'>lacte</span> 
     </span>
     <span class='ocr_line' id='line_1_56' title="bbox 152 4119 1210 4194; baseline 0.007 -23"><span class='ocrx_word' id='word_1_441' title='bbox 152 4138 216 4190; x_wconf 89' lang='lat' dir='ltr'>rogo</span> <span class='ocrx_word' id='word_1_442' title='bbox 224 4119 352 4176; x_wconf 82' lang='lat' dir='ltr'>subducit.</span> <span class='ocrx_word' id='word_1_443' title='bbox 366 4123 459 4178; x_wconf 87' lang='lat' dir='ltr'>Malim</span> <span class='ocrx_word' id='word_1_444' title='bbox 469 4137 558 4182; x_wconf 90' lang='lat' dir='ltr'>tamen</span> <span class='ocrx_word' id='word_1_445' title='bbox 571 4127 606 4181; x_wconf 78' lang='lat' dir='ltr'>ita</span> <span class='ocrx_word' id='word_1_446' title='bbox 619 4146 657 4181; x_wconf 82' lang='lat' dir='ltr'>ae·</span> <span class='ocrx_word' id='word_1_447' title='bbox 706 4134 798 4193; x_wconf 88' lang='lat' dir='ltr'>quater</span> <span class='ocrx_word' id='word_1_448' title='bbox 808 4135 1070 4194; x_wconf 72' lang='lat' dir='ltr'>sparsas,mrarroque</span> <span class='ocrx_word' id='word_1_449' title='bbox 1084 4123 1210 4179; x_wconf 66' lang='lat' dir='ltr'>excedere</span> 
     </span>
     <span class='ocr_line' id='line_1_57' title="bbox 152 4199 1213 4274; baseline 0.002 -20"><span class='ocrx_word' id='word_1_450' title='bbox 152 4199 254 4269; x_wconf 77' lang='lat' dir='ltr'>cipere,</span> <span class='ocrx_word' id='word_1_451' title='bbox 266 4202 338 4271; x_wconf 86' lang='lat' dir='ltr'>quasi</span> <span class='ocrx_word' id='word_1_452' title='bbox 353 4221 419 4259; x_wconf 83' lang='lat' dir='ltr'>auus</span> <span class='ocrx_word' id='word_1_453' title='bbox 432 4206 542 4262; x_wconf 77' lang='lat' dir='ltr'>cadaver</span> <span class='ocrx_word' id='word_1_454' title='bbox 552 4208 578 4261; x_wconf 91' lang='lat' dir='ltr'>in</span> <span class='ocrx_word' id='word_1_455' title='bbox 593 4224 656 4274; x_wconf 77' lang='lat' dir='ltr'>rogo</span> <span class='ocrx_word' id='word_1_456' title='bbox 706 4202 781 4268; x_wconf 88' lang='lat' dir='ltr'>luco,</span> <span class='ocrx_word' id='word_1_457' title='bbox 793 4203 875 4272; x_wconf 85' lang='lat' dir='ltr'>Nata,</span> <span class='ocrx_word' id='word_1_458' title='bbox 893 4203 963 4273; x_wconf 87' lang='lat' dir='ltr'>jube.</span> <span class='ocrx_word' id='word_1_459' title='bbox 976 4225 989 4253; x_wconf 74' lang='lat' dir='ltr'>a</span> <span class='ocrx_word' id='word_1_460' title='bbox 1001 4202 1042 4257; x_wconf 88' lang='lat' dir='ltr'>De</span> <span class='ocrx_word' id='word_1_461' title='bbox 1052 4203 1213 4273; x_wconf 85' lang='lat' dir='ltr'>quaternarii</span> 
     </span>
    </p>
   </div>
   <div class='ocr_carea' id='block_1_10' title="bbox 0 0 1460 4996">
    <p class='ocr_par' dir='ltr' id='par_1_11' title="bbox 0 0 1460 4996">
     <span class='ocr_line' id='line_1_58' title="bbox 0 0 1460 4996; baseline 0 0"><span class='ocrx_word' id='word_1_462' title='bbox 0 0 1460 4996; x_wconf 95' lang='lat' dir='ltr'> </span> 
     </span>
    </p>
   </div>
  </div>
 </body>
</html>
