2834 4996
304 470 569 534 contentus
594 470 654 532 ET
679 468 1008 536 EDlTlONlBUS·
1117 478 1190 558 xxvij

130 605 177 665 Ab
192 604 291 665 iisdem
306 590 380 663 odiis
389 602 530 684 proticisci
539 601 717 676 dehuiruoe,
733 602 829 683 quod,
841 606 956 665 Mureto
969 600 1053 683 pleni
1060 600 1190 678 deserto,

129 704 230 764 itermn
247 700 281 762 ad
296 700 430 762 Aldinam
446 700 563 782 prinum
573 721 702 761 reversus
712 712 774 773 est,
785 721 901 782 eamque
910 702 1014 765 iterum
1025 722 1043 763 a
1055 722 1087 767 se
1098 704 1192 766 muen-

130 802 218 862 datam
233 800 330 881 operis
349 799 539 860 excudendum
560 797 683 860 tradidit.
697 800 771 860 Nam
791 821 825 861 ex
844 800 911 860 Ald.
930 822 975 878 pr.
987 800 1192 886 Scaligeeanam

131 900 240 959 ducum
254 917 317 957 esse
338 895 448 977 liquido
469 897 539 957 milri
559 918 637 958 nunc
658 908 785 967 conatum
803 919 862 978 qno
882 898 946 979 ipso
962 897 1064 958 factum
1082 912 1145 975 ert,
1160 914 1194 963 ut

132 998 267 1080 phtius,
285 1020 352 1078 qum
367 997 398 1055 in
424 996 491 1056 Ald.
507 1018 564 1058 sec.
584 1009 614 1058 et
626 1018 719 1058 mon
738 998 855 1057 Muretn
869 997 982 1079 egregie
996 1010 1076 1057 erant
1090 998 1192 1062 'ernen-

131 1101 294 1170 dammone
301 1096 408 1156 iterum
414 1097 538 1177 antiquis
546 1096 677 1157 sordibus
684 1095 863 1177 coinquinata
871 1096 1076 1177 proferrentur.
1084 1100 1194 1173 Quum·

132 1219 185 1279 qne
204 1197 349 1280 scaligero
370 1216 471 1255 sensus
487 1194 644 1255 Tibulliani
659 1193 790 1254 candoris
811 1216 843 1256 ac
862 1194 1048 1272 simplicitatis
1063 1195 1193 1268 deesset,

132 1300 269 1360 doctrinm
290 1308 390 1358 contra
409 1295 556 1377 exquisita
578 1296 670 1378 copim
689 1295 833 1369 mnino,
848 1296 935 1364 molta
950 1295 1000 1355 ille
1017 1294 1135 1357 mutavit
1148 1312 1195 1359 aut

132 1397 242 1457 refinxit
260 1397 346 1458 docte
365 1394 501 1477 quidem,
515 1395 580 1477 quis
593 1396 696 1479 neget?
710 1387 855 1454 interdum
869 1390 953 1456 etiam
963 1394 1129 1478 ingeniose,
1145 1398 1195 1457 sed

132 1495 258 1555 aTibulli
269 1495 355 1576 genio
365 1493 529 1555 abhorrenti
539 1515 619 1555 more
629 1493 781 1573 modoque.
791 1495 889 1568 Quum
894 1505 990 1555 tamen
996 1492 1194 1557 Broukhu'sius

133 1616 194 1655 enm
207 1593 343 1676 religiose
358 1603 503 1672 sequetur,
515 1591 689 1675 scaligerum
702 1590 852 1669 recensio,
863 1590 942 1677 quud
952 1592 1193 1668 ostentamen,
1255 1643 1258 1647 .

132 1715 185 1775 pro
196 1691 425 1774 prestantissima
441 1710 585 1767 perperam
597 1690 692 1752 heberi
704 1690 798 1771 coepit.
811 1712 828 1747 o

176 1820 191 1848 ι
210 1794 334 1869 Sculs'pger
340 1803 400 1851 tres
414 1789 502 1850 libros
513 1789 612 1851 babuit
623 1812 631 1848 t
643 1811 766 1872 quorum
781 1788 956 1870 unius'copia
963 1790 1020 1873 ipsi
1029 1791 1100 1854 secta
1109 1806 1193 1857 erata

133 1894 197 1953 dac.
213 1888 345 1972 Cujscio,
363 1890 507 1950 JCtorum
523 1889 665 1970 principe,
681 1889 802 1949 recentis
816 1887 891 1950 illius
913 1902 942 1950 et
961 1891 1045 1968 paulo
1064 1904 1131 1953 ante
1148 1905 1194 1978 ty-

132 1989 331 2072 pogrspliram
351 2001 440 2049 artem
462 1989 605 2051 inventam
624 1988 740 2070 scripti,
756 2010 815 2070 quo
833 2001 927 2051 tamen
942 1989 1088 2052 meliorem
1107 1991 1194 2053 hodie
1248 2038 1253 2049 .

133 2103 241 2152 exstare
253 2111 314 2151 uon
332 2087 458 2171 putebat.
479 2090 557 2150 ldem
574 2100 705 2172 excerpta
717 2101 896 2168 pervetusta,
911 2089 941 2149 in
957 2089 1193 2153 Chrestomathiae

135 2187 265 2249 Albim
278 2186 401 2269 speciem
414 2187 579 2264 potissimos
594 2185 674 2247 locos
686 2185 830 2267 complexa
839 2229 849 2259 ,
858 2185 1002 2264 possedit,
1013 2185 1117 2268 quibus
1127 2188 1195 2269 plu-

134 2287 236 2347 rimum
256 2307 288 2348 se
305 2284 434 2368 adjutum
451 2307 530 2359 esse,
545 2296 673 2344 testatur.
687 2286 733 2346 De
753 2285 805 2360 iis,
817 2307 886 2366 ,qum
900 2284 1112 2361 monuerimus,
1129 2287 1194 2349 vide

134 2387 169 2447 ad
188 2388 239 2459 ll,
259 2383 298 2458 ὃ,
317 2404 365 2468 eq
384 2383 443 2443 Sed
463 2383 489 2444 ei
507 2381 696 2464 fingmentum
717 2404 832 2465 quoque
851 2385 1042 2465 peroptimum
1061 2398 1091 2447 et
1110 2408 1192 2467 quam

134 2484 410 2557 emendatissimum,
430 2504 446 2541 a
465 2493 562 2563 quarta
582 2481 645 2541 libri
663 2481 741 2544 tertii
759 2482 847 2568 elegia
866 2482 901 2543 ad
919 2480 1003 2546 finem
1020 2505 1110 2566 usque
1129 2483 1194 2546 libri

136 2585 243 2663 quarti,
261 2581 470 2643 commodatum
484 2593 543 2641 erat
555 2579 701 2641 abeodem
716 2600 820 2661 magno
834 2580 971 2662 (injurio,
986 2604 1045 2664 quo
1062 2581 1194 2644 emenda-

134 2683 191 2744 tius
202 2684 293 2745 ullum
306 2681 456 2763 antiquum
468 2680 608 2759 exemplar
622 2681 715 2766 legere
729 2702 790 2742 non
803 2682 978 2743 meminerat.
993 2678 1080 2743 Liber
1096 2684 1120 2744 is
1136 2684 1194 2744 lere

135 2784 287 2845 lectionem
301 2803 395 2845 ruam
414 2793 444 2842 et
461 2781 610 2865 genuinam
627 2779 755 2853 exhibet3
768 2781 818 2841 sed
833 2782 976 2843 interdum
994 2782 1076 2860 plane
1093 2783 1194 2843 areli-

138 2903 263 2963 quorum
276 2884 400 2943 omnium
416 2880 539 2942 lectione
550 2879 669 2941 discedit
678 2903 689 2968 ;ι
702 2891 735 2940 ut
744 2891 837 2940 tamen
852 2901 906 2940 nec
921 2899 1031 2961 semper
1045 2900 1145 2941 eorum
1156 2883 1191 2940 fi-

136 2982 204 3042 dem
219 2980 554 3044 etevmvidestur.v5de
570 2980 605 3039 ad
618 2981 671 3051 IV,
689 3000 724 3053 1,
743 2978 817 3060 175,
832 2998 907 3050 2003
920 2994 960 3052 v,
976 2998 1096 3055 103v1,
1114 2981 1188 3044 ιθ.»

182 3109 198 3138 ι
205 3083 381 3144 Passeratius
386 3081 562 3164 inpeuculis,
574 3103 643 3163 quas
650 3080 680 3139 in
686 3078 833 3139 Tibullum
842 3079 1025 3158 conscripsit,
1033 3082 1110 3144 notis
1117 3106 1192 3166 ssepe

136 3194 263 3244 evetere
282 3180 355 3243 libro
375 3182 512 3243 lectiones
531 3190 689 3242 memorat:
709 3199 793 3259 quem
814 3179 981 3259 peculiarem
1000 3180 1087 3262 ipsius
1108 3182 1194 3245 fuisse

136 3283 220 3342 etiam
235 3279 418 3342 Broulhusio
431 3301 593 3358 persuasum
602 3277 666 3337 luit.
685 3277 750 3361 Ego
759 3287 852 3336 tamen
867 3277 995 3339 nondum
1011 3278 1107 3340 in'duci
1122 3303 1192 3358 pos-

136 3401 219 3448 sum,
236 3390 270 3438 nt
286 3399 352 3440 eum
369 3377 443 3438 libro
461 3400 543 3437 usum
563 3399 623 3439 esse
639 3372 770 3434 credam:
787 3373 837 3433 sed
857 3374 953 3450 potius
970 3375 1006 3434 de
1023 3377 1192 3439 variantibus

137 3474 221 3536 surii
237 3488 288 3535 aut
303 3474 417 3536 alterius
428 3475 606 3556 superiorum
623 3474 808 3551 interpretum
822 3471 951 3555 intelligo
964 3516 973 3547 ,
985 3476 1098 3554 quando
1110 3491 1194 3540 vete-

136 3599 197 3638 rem
213 3575 314 3636 librum
331 3575 430 3635 laudat
449 3575 554 3647 Certe,
571 3585 715 3657 quotquot
731 3574 827 3633 harum
839 3572 995 3634 variantum
1016 3582 1192 3659 comparavi,

137 3697 203 3735 cum
218 3697 279 3737 uno
293 3675 416 3736 alterove
429 3674 511 3734 Statii
527 3673 600 3735 libro
616 3673 769 3735 convenire
780 3672 856 3736 vidi:
874 3672 929 3733 nisi
946 3674 1024 3755 quod
1039 3678 1070 3752 1,
1085 3698 1119 3752 2,
1137 3701 1192 3764 79,
1248 3750 1253 3761 .

139 3794 173 3834 ex
185 3774 260 3836 linco
275 3773 372 3835 affert:

298 3931 368 3983 Num
379 3928 485 3982 Veneris
497 3947 590 4001 magno
601 3928 695 3981 violari
706 3929 811 3982 nemim
821 3928 910 3995 verbo,

138 4076 219 4158 qnod
229 4100 245 4139 a
255 4077 336 4139 nullo
350 4077 406 4140 alio
420 4088 604 4140 memoratum
615 4077 688 4151 vidi3
703 4089 737 4137 ot
753 4089 782 4139 et
794 4079 824 4150 1,
838 4074 873 4152 3,
888 4099 923 4152 a,
938 4089 1020 4161 terque
1029 4102 1083 4158 pro
1095 4083 1162 4162 inse.
1176 4105 1191 4134 s

180 4176 305 4237 «Etiam
320 4175 413 4237 Janus
424 4175 526 4239 Druse
539 4174 612 4237 lilius
628 4173 700 4237 libro
716 4186 811 4240 vetere
826 4197 878 4238 suo
895 4177 984 4239 senti
999 4178 1147 4259 profitemr
1164 4177 1193 4237 in
