2806 5002
196 411 1223 472 ὴ*-

403 618 528 749 DE
588 608 992 755 TIBULLI

191 926 563 1016 CODlClBUS
603 931 683 1016 ET
726 932 1209 1021 EDITIONIBUS.

554 1175 840 1205 *—

162 1479 193 1584 J
193 1535 236 1580 os.
251 1520 403 1604 Scaliger,
417 1521 448 1581 in
463 1521 614 1584 Commeat.
629 1546 658 1602 p.
671 1521 747 1599 arb,
761 1525 801 1584 ait
815 1546 822 1583 :
838 1551 853 1578 a
863 1525 941 1608 lage
950 1523 1034 1588 vitatu
1046 1534 1140 1602 poetas
1156 1521 1229 1600 apud

162 1643 178 1673 ι
192 1620 373 1705 Gyraldum
384 1620 425 1681 ibi
435 1621 542 1685 videbis
556 1622 705 1701 exemplar,
713 1618 749 1684 'ex
759 1644 817 1704 quo
832 1622 927 1683 omnia
938 1645 1002 1705 quae
1018 1621 1127 1682 Tibulli
1142 1619 1229 1682 bodie

165 1744 180 1771 ι
195 1732 308 1780 exstant
330 1732 486 1803 propagata
509 1733 592 1798 sunt,
610 1721 721 1804 aliquot
734 1721 849 1807 pagellis
871 1720 1070 1800 transpositis,
1088 1719 1230 1780 turbatum

167 1846 182 1873 a
196 1818 284 1881 baisse
295 1845 321 1879 ι.
340 1822 414 1897 Quis
431 1822 538 1883 nonin
554 1820 639 1884 verba
654 1820 725 1883 tanti
745 1822 873 1906 magistri
888 1822 1010 1905 juraret?
1028 1823 1072 1880 Ex
1089 1843 1147 1904 qno
1162 1824 1231 1882 Sca-

164 1918 233 2003 liger
250 1920 311 1981 baec
326 1921 539 1998 pronuntiavit,
563 1920 658 1983 nullus
679 1919 737 1983 lere
756 1921 812 1984 suit
831 1923 994 2000 editorum,
1019 1922 1088 2006 quin
1105 1922 1230 1984 camdem

162 2016 244 2080 iniret
253 2019 446 2093 sententiam,
459 2042 514 2103 qua
525 2032 618 2083 tamen
631 2020 703 2080 nibil
714 2021 828 2081 stultius
840 2041 901 2083 esse
912 2033 1017 2099 potest.
1034 2023 1143 2083 Omnes
1155 2020 1231 2081 enim

162 2117 273 2181 codices
288 2141 324 2181 ex
338 2140 400 2180 uno
412 2120 561 2203 exemplari
577 2120 688 2183 llnxisse
703 2142 789 2183 nemo
806 2119 992 2199 existimabit,
1010 2123 1058 2205 qui
1073 2121 1231 2184 lectionum

161 2218 322 2280 micum
331 2217 514 2294 immensam,
529 2241 582 2303 qua
593 2219 700 2284 laborat
711 2220 859 2295 Tibullus,
876 2220 970 2291 novit;
986 2231 1121 2297 praeterea
1131 2219 1229 2281 salsum

161 2331 201 2378 est
212 2318 377 2402 Gyraldum
387 2319 484 2380 eadem
494 2319 613 2393 dixisse,
631 2343 694 2402 quaa
706 2320 733 2381 ei
743 2318 880 2380 adtribuit
891 2318 1026 2404 Scaliger.
1043 2318 1108 2379 Vita
1121 2317 1230 2379 Tibulli

161 2417 262 2502 legitor
271 2418 304 2480 in
315 2419 431 2503 dialogo
443 2433 561 2502 quarto,
573 2444 601 2500 p.
614 2442 688 2496 aaa,
699 2443 791 2505 neque
802 2420 1041 2504 tameulieynius,
1053 2440 1147 2501 neque
1156 2422 1231 2481 Vos·

161 2514 234 2588 sins,
249 2535 346 2597 nuque
357 2516 419 2598 ipse
432 2538 488 2601 ego
497 2519 647 2601 vestigium
658 2518 739 2580 istius
753 2519 916 2580 assertionis
931 2517 1055 2595 reperire
1070 2516 1229 2599 potuimuss

160 2609 264 2674 abusus
280 2625 325 2676 est
339 2614 436 2697 itaque
447 2616 565 2700 Gyraldi
580 2616 648 2677 loco
660 2616 796 2704 Scaliger,
814 2629 847 2678 ut
862 2617 965 2681 merito
980 2627 1061 2678 notat
1072 2618 1182 2698 Spolia,
1201 2626 1230 2672 et

161 2714 213 2793 jan
234 2713 272 2775 de
290 2713 384 2776 tabula
397 2716 462 2791 illa,
483 2739 567 2799 quam
586 2717 662 2778 inter
684 2719 793 2778 somnia
812 2720 916 2781 ocavit
943 2719 1045 2781 doctus
1067 2717 1133 2789 vir,
1157 2713 1230 2775 nibil

164 2814 283 2874 omnino
295 2828 432 2894 superest.
444 2816 523 2892 Quid
538 2817 572 2878 de
584 2816 662 2878 bisce
673 2820 859 2894 sentiremus,
871 2819 933 2880 sine
943 2816 1118 2879 dubitatione
1128 2818 1183 2898 jam
1194 2814 1229 2875 ad

165 2916 229 2978 bbri
243 2919 307 2993 lll,
322 2922 447 3007 Elegiam
462 2940 531 2998 vu,
544 2948 572 2986 v.
586 2922 645 2999 32,
663 2925 877 2998 declaravimus,
896 2922 943 2984 ubi
956 2923 1040 2983 etiam
1053 2932 1224 3004 argumento

161 3017 214 3079 luit
231 3019 319 3080 nobis
334 3023 463 3084 codicum
475 3024 639 3099 diversitas,
658 3048 741 3106 qnam
756 3046 817 3086 non
833 3022 928 3084 solum
944 3022 974 3082 in
989 3021 1108 3106 siugulis
1125 3022 1230 3083 lectio-

162 3117 244 3178 nibus
253 3119 380 3201 reperire
388 3134 449 3196 est,
461 3122 512 3183 sed
522 3123 604 3183 etiam
615 3122 759 3206 inlilegiis
769 3120 931 3184 ordinandis
941 3135 1026 3205 atque
1038 3121 1232 3204 disponendis.

162 3216 297 3279 Attamen
312 3219 458 3281 fastradum
479 3235 541 3296 est,
562 3221 676 3283 codices
693 3243 793 3283 omnes
809 3223 978 3285 recentioris
995 3244 1056 3284 esse
1072 3223 1229 3304 temporis,

161 3329 243 3400 atque
256 3319 306 3380 vix
319 3321 455 3382 saeculum
465 3322 538 3382 xlv
548 3321 692 3383 excedere.
703 3323 794 3382 Tanta
803 3332 951 3383 versantur
961 3320 992 3380 in
1006 3320 1183 3402 corruptela,
1198 3331 1232 3380 nt

160 3437 233 3498 egre
244 3417 304 3500 legi
315 3419 427 3500 possint
438 3421 585 3482 tersissimi
595 3432 690 3500 poetas
699 3420 835 3491 carmina,
852 3419 1010 3498 praesertim
1023 3440 1057 3480 ex
1070 3439 1145 3499 quo,
1160 3439 1232 3499 pro-

159 3525 234 3579 terva
249 3519 428 3592 temeritate,
444 3519 571 3604 Scaliger
585 3520 680 3583 omnia
691 3520 805 3581 miscuit
819 3520 849 3579 in
863 3517 1046 3580 editionibus.
1063 3520 1191 3578 Fuerunt
1202 3530 1232 3579 et

157 3627 220 3678 aute
233 3617 431 3700 typographiae
441 3618 637 3682 inventionem
645 3619 698 3681 viri
709 3619 788 3680 docti
798 3619 910 3700 qnidam
921 3639 955 3679 cx
970 3617 1065 3694 ltalia,
1079 3617 1128 3700 qui
1138 3619 1230 3680 studia

158 3711 185 3772 in
195 3715 334 3796 npffibrn
346 3715 454 3778 Tibulli
466 3718 659 3791 collocarunt;
674 3718 705 3778 in
715 3720 765 3779 bac
775 3739 807 3779 re
818 3717 948 3778 laudandi
955 3731 1027 3788 sunt
1037 3716 1155 3794 (llacbii
1162 3728 1231 3779 nota

161 3822 220 3885 ut,
236 3835 323 3894 qnam
334 3814 382 3875 bic
395 3817 655 3901 transcripsimuslr
672 3822 714 3880 1⁰.
728 3845 744 3871 «ι
753 3819 919 3879 Franciscns
935 3816 1101 3895 Philelpbns
1114 3815 1232 3877 Tolen-

162 3933 179 3962 ·
198 3910 331 3990 cinensis,
344 3929 429 3978 natus
444 3914 533 4001 1398,
546 3929 714 3980 etmortuus
728 3917 801 3993 1481
816 3961 824 3990 ,
837 3917 880 3978 vir
891 3940 950 3979 snae
960 3916 1051 3979 astam
1062 3919 1153 3978 multo
1165 3916 1233 3974 doc·

160 4039 177 4067 »
195 4011 336 4090 tissimus,
354 4027 383 4075 et
394 4016 551 4099 Epistolis,
567 4014 769 4089 Orationibus,
787 4014 847 4076 aliis
860 4013 993 4094 operibus
1008 4014 1090 4076 editis
1103 4013 1232 4076 celeber-

159 4142 175 4168 n
186 4115 295 4188 rimus;
313 4129 353 4175 2⁰.
361 4116 653 4178 Jovianusl’outanns
666 4115 861 4190 Cerretensis,
874 4127 955 4177 natus
968 4112 1045 4188 1426
1057 4126 1087 4174 et
1100 4123 1230 4175 mortuus

159 4240 176 4268 ι
196 4211 295 4288 1503;
312 4227 418 4298 prater
427 4215 625 4300 pbilosophis·
639 4237 744 4299 opera,
759 4215 871 4294 scripsit
884 4214 1042 4277 Historiam
1057 4213 1124 4274 belli
1139 4214 1229 4297 Neap.
