2806 5002
164 475 202 557 οἳ
381 460 673 524 sueorunuu
693 456 1015 522 snuousurn.

164 606 221 667 niis
238 598 376 680 indulget·
393 594 484 670 Quod
499 593 534 654 sd
548 606 662 671 tempus
676 592 794 666 attinet,
808 590 915 669 opinor
929 591 1004 652 banc
1019 590 1159 674 elegiam,
1178 613 1244 656 non

163 703 221 778 nisi
236 712 304 783 post
322 696 426 759 librum
441 695 559 756 tertium
575 693 720 778 integrum
735 703 830 752 natam
849 712 925 763 ease3
944 692 980 754 de
995 691 1079 753 Delia
1091 695 1170 756 enin
1186 698 1244 778 jan

165 812 252 879 nupta
265 798 375 882 agitur,
392 808 421 856 et
436 807 480 856 est
491 793 589 868 Delia,
605 794 636 853 ni
651 792 751 867 ullor,
764 791 861 854 eadem
873 814 940 855 cnm
950 793 1071 867 Neaera,
1086 805 1122 854 nt
1131 794 1165 855 in
1176 795 1245 855 Vita

165 899 287 979 reperire
306 908 362 958 est.
377 894 516 973 Suspicor
532 893 647 974 insuper
660 936 669 969 ,
688 892 772 975 primi
786 891 850 952 libri
865 890 995 974 quintam
1005 905 1036 954 et
1048 905 1157 955 sextam
1167 894 1245 956 eirca

168 998 244 1061 iden
259 1009 371 1076 tenpus
386 995 564 1076 conscriptas
580 1015 651 1055 esse·
933 996 938 1003 '

547 1199 754 1275 ELEGIA
782 1200 855 1273 11L

206 1373 280 1442 ttaec
294 1372 364 1437 mibi
380 1368 481 1436 ordine
495 1375 619 1435 secunda
634 1375 757 1438 videtur.
773 1372 907 1435 Tibullus
923 1372 973 1456 qui
986 1372 1079 1436 Gallia
1090 1393 1241 1448 reversus,

165 1500 261 1543 amore
275 1477 305 1537 in
317 1476 427 1536 Deliam
441 1475 572 1547 ardebat,
589 1473 777 1535 nibilominus
793 1471 941 1534 Messalam
955 1472 991 1533 ad
1004 1472 1113 1534 bellum
1129 1486 1243 1535 secutu-

166 1601 215 1641 rns
227 1589 286 1637 erat
296 1575 328 1634 iu
338 1574 499 1657 AEgyptum
509 1616 517 1647 ,
528 1573 597 1633 licet
605 1570 748 1651 ingressus
760 1574 814 1634 iter
827 1572 954 1634 offensus
964 1574 996 1632 in
1004 1584 1087 1654 portu
1097 1575 1185 1651 signu
1195 1572 1243 1634 de-

168 1672 241 1734 derit
258 1691 317 1752 pes·
342 1669 428 1729 Nunc
443 1689 558 1728 omnem
573 1667 771 1750 peregrinandi
788 1689 897 1729 morem
914 1667 1085 1740 detestatur,
1104 1666 1243 1749 aureique

167 1771 265 1838 poculi
277 1771 365 1834 vitam
374 1767 517 1848 praedicnt.
529 1766 642 1829 Deinde
653 1767 689 1827 de
699 1778 794 1827 morte
808 1779 839 1827 et
852 1765 924 1828 lotis
934 1763 1034 1826 inferis
1044 1767 1166 1849 cogitat.
1181 1769 1243 1828 ne-

169 1874 212 1936 dit
224 1884 319 1934 autem
335 1871 402 1933 inde
417 1869 453 1933 ad
466 1883 534 1933 rota
548 1889 602 1948 pro
620 1868 707 1929 salute
723 1879 753 1928 et
765 1868 860 1931 reditu
874 1867 905 1927 in
920 1867 1048 1946 patriam.

555 2076 757 2151 ELEGIA
786 2077 851 2148 lv.

209 2253 293 2312 Bane
303 2250 378 2312 inter
391 2261 486 2332 poetae
500 2262 656 2331 postremus
666 2249 824 2312 habendam
835 2269 954 2320 oensem
969 2248 1044 2309 inter
1053 2267 1099 2310 eas
1113 2247 1243 2320 scilieet,

171 2372 236 2434 «μ
253 2362 320 2428 post
336 2349 509 2413 exstinctum
524 2350 555 2409 in
571 2349 680 2414 Deliam
700 2372 826 2412 amorem
848 2347 961 2426 scriptu
977 2361 1061 2416 sunu
1077 2347 1118 2408 ita
1136 2358 1171 2409 ut
1184 2345 1245 2407 lero

170 2450 273 2513 endem
286 2461 417 2526 tempore
433 2447 565 2510 Tibullus
584 2448 614 2511 iu
632 2451 793 2513 Marathum
808 2472 896 2533 pravo
916 2448 1056 2513 desiderio
1071 2459 1170 2526 raptu
1186 2444 1245 2519 sit,

172 2570 232 2630 (pro
249 2547 393 2610 Cerintho
412 2559 442 2608 et
458 2546 589 2629 Sulpitioe
611 2549 732 2610 carmina
751 2547 1001 2620 subministravit,
1023 2546 1085 2623 ipse
1104 2567 1124 2607 a
1143 2542 1246 2627 puellis

170 2646 278 2709 alieno
293 2646 387 2709 donee
398 2667 499 2706 rursus
511 2668 576 2707 enm
591 2646 721 2711 Nemesis
731 2647 838 2711 retibus
850 2647 909 2710 suis
922 2644 1107 2708 intrieaverit
1123 2645 1249 2708 ΕΜ

171 2758 246 2811 artes
261 2744 364 2828 quibus
380 2766 537 2826 puerorum
554 2748 663 2809 animus
680 2748 716 2808 ad
732 2747 899 2830 obsequium
914 2745 1010 2825 pellici
1024 2745 1128 2824 possit.
1142 2745 1248 2807 Pura

173 2845 303 2908 docentis
323 2843 382 2926 agit
403 2843 449 2905 bic
469 2842 603 2922 Priapus,
626 2858 656 2906 et
675 2849 825 2910 consultus
846 2847 1002 2925 respondet
1021 2859 1158 2927 ttoqum
1173 2843 1248 2925 altu

172 2943 289 3025 Apollo.
304 2943 410 3004 Incidit
424 2944 542 3006 sortasse
556 2946 617 3008 hnc
633 2946 721 3029 elegia
733 2947 765 3006 in
774 2969 866 3009 annos
878 2949 918 3010 U.
935 2947 970 3009 C.
982 2944 1058 3030 732,
1073 2941 1247 3030 733,.734.;

173 3042 291 3125 perinde
303 3065 334 3104 ac
350 3056 449 3105 octm
463 3057 494 3106 et
510 3066 587 3107 uons
600 3046 726 3128 ejusdem
741 3045 816 3109 libri.

566 3253 768 3325 ELEGlA
803 3255 843 3325 V.

215 3417 288 3480 Haec
307 3417 457 3478 secundam
474 3416 672 3498 subsequitur,
690 3433 794 3482 sextam
810 3444 879 3485 vero
899 3423 1041 3484 antecedit
1055 3445 1126 3505 quas
1146 3442 1242 3485 omnes

174 3514 306 3578 lubenter
314 3518 350 3577 ad
361 3539 465 3577 annum
478 3516 566 3577 Urbis
579 3539 637 3600 7²9
649 3518 693 3580 vel
707 3517 765 3602 730
778 3523 940 3597 retulerim,
957 3547 1045 3605 quum
1058 3524 1172 3584 Nem.
1186 3543 1241 3582 sua

174 3618 229 3698 jam
246 3617 336 3677 Deliae
349 3618 465 3699 primam
476 3618 692 3696 appellationem
705 3632 789 3701 poeta
798 3622 963 3683 reddiderit.
982 3623 1062 3684 Delia
1076 3622 1128 3683 hio
1141 3634 1240 3704 prate

174 3717 266 3777 virum
276 3717 347 3801 alios
356 3718 448 3778 adbuc
461 3731 617 3792 amatores,
634 3742 740 3802 eosque
750 3722 850 3784 divites
865 3723 1013 3784 admittere
1028 3722 1159 3794 videtur,
1174 3720 1240 3803 pris

174 3815 231 3876 tini
245 3817 364 3894 pudoris
382 3817 480 3878 oblite.
502 3818 652 3893 Tibullus,
669 3821 718 3902 qni
733 3821 781 3882 illa
796 3844 827 3884 se
846 3843 940 3883 carere
953 3820 1033 3884 sicile
1046 3842 1132 3898 posse
1149 3820 1239 3882 credi·

175 3916 271 3990 derat,
291 3939 369 3978 nuuc
389 3919 492 3979 iterum
509 3940 606 3980 amore
621 3920 666 3981 vel
683 3921 779 3999 potius
796 3923 929 4002 cupidine
944 3924 1093 3994 incensus,
1113 3921 1238 4004 injurias

174 4017 279 4095 puella
290 4040 309 4078 a
322 4041 354 4080 se
368 4019 468 4080 laetam
483 4020 665 4102 deprecatum
682 4033 711 4081 et
728 4045 810 4104 quam
825 4025 898 4084 bene
912 4024 948 4086 de
962 4045 1012 4095 ea,
1040 4043 1129 4104 quum
1143 4020 1237 4083 morl!

174 4131 326 4202 (egrotaret
343 4119 462 4181 meritus
477 4121 515 4181 sit
527 4135 749 4197 commemorat,
766 4123 889 4209 deniqne
904 4126 995 4188 lenam
1006 4134 1168 4190 enectam
1182 4144 1237 4205 qut

175 4222 291 4287 sliritem
305 4241 460 4290 amtorem
474 4228 636 4291 adDeliam
649 4229 811 4292 adduxerat.
