2834 4996
168 484 246 569 lxviij
555 484 614 546 un
640 484 837 546 rruuuur

168 616 204 676 ab
220 615 271 675 illo
285 613 425 676 Huschlii
440 614 639 693 discrepantia,
656 639 745 677 uuum
758 614 948 677 adulterinum
964 616 1080 691 babuit,
1092 617 1232 681 uisiiorte

171 714 300 775 notitiam
317 734 394 773 suam
411 732 444 771 er
459 710 515 773 alio
531 712 605 774 libro
622 714 729 785 bausit;
746 715 901 789 Panzerus,
913 726 984 777 tom.
999 717 1096 789 VIII,
1112 740 1142 794 p.
1156 714 1231 792 353,

172 836 200 874 u.
219 833 286 872 ιιι.
302 811 526 885 Adulterium,
542 810 660 883 babuit,
675 813 742 895 quia
756 814 896 891 Epistulae
912 814 981 875 Aldi
993 815 1025 875 in
1036 836 1072 877 eo
1088 816 1235 897 maescrip-

171 920 233 969 tum
247 920 306 970 erat
319 932 326 966 :
341 909 391 970 Al.
407 910 471 969 Mu.
482 910 600 970 Morino
614 912 742 969 Sannutn
757 910 876 971 Putn'trb
890 912 994 972 Veneto
1005 912 1148 974 Leoumdi
1161 914 1194 973 F.
1204 916 1235 974 S.

173 1011 279 1072 omisso
303 1011 359 1070 Bu.
380 1023 410 1071 et
430 1008 555 1072 exhibito
572 1008 712 1070 Iaeuncrdi
730 1031 783 1088 pro
805 1010 954 1070 Benedicti
967 1013 1000 1071 F.
1022 1011 1099 1073 Illud
1116 1012 1236 1075 fortasse

172 1132 237 1170 casu
246 1108 392 1170 omissum·
407 1109 466 1169 Sed
480 1120 587 1170 exstare
601 1109 780 1190 exemplaria,
792 1132 856 1191 quae
862 1109 1003 1171 leonardi
1011 1110 1236 1187 habeant,certo

172 1210 276 1271 certius
297 1221 350 1272 est.
370 1211 482 1291 Nempe
499 1208 598 1271 Leidae
619 1220 746 1272 servatur
765 1209 923 1287 exemplar,
945 1210 1025 1291 quod
1044 1211 1082 1271 ita
1105 1210 1239 1274 describit

172 1311 325 1371 Sautcuius
342 1308 372 1368 iu
390 1306 602 1371 Collectaueis:
625 1334 640 1361 s
655 1310 690 1368 ln
705 1307 876 1371 bibliotheca
892 1310 985 1394 Lugd.
1001 1313 1064 1373 Bat-
1079 1332 1142 1394 pag.
1158 1308 1239 1389 262,

175 1405 252 1466 Hist.
265 1404 326 1489 574
342 1416 432 1466 exstat
446 1404 554 1481 editio,
572 1428 637 1488 quae
650 1426 710 1467 nou
727 1405 811 1468 babet
823 1406 892 1466 anui
907 1419 1023 1469 nonme
1040 1407 1155 1471 ridetur
1169 1407 1241 1470 cba-

173 1517 281 1564 ractere
292 1504 419 1585 proxime
428 1503 561 1566 accedere
571 1504 607 1564 ad
617 1502 716 1565 Aldiu.
731 1500 825 1578 1502,
841 1504 886 1566 vel
895 1506 1056 1567 Juntinunr·
1070 1506 1159 1582 Quod
1171 1526 1240 1570 reto

173 1601 316 1685 singulare
330 1614 392 1676 est,
405 1603 508 1686 legitur
522 1600 553 1663 iu
569 1600 755 1682 inscriptione
768 1602 961 1682 praefationis:

335 1788 466 1850 Sanuuto
482 1788 602 1851 Patritio
617 1789 731 1851 Veneto
747 1788 890 1849 Leunurdi
903 1786 974 1849 filio.

179 1972 212 2029 lu
228 1969 333 2031 Aldina
347 1984 440 2032 autem
458 1969 544 2033 1502.

340 2156 505 2218 —Patritiu
519 2157 632 2218 Veneto
645 2155 795 2218 Benedicti
808 2157 877 2219 lilio.

180 2331 215 2389 tn
231 2330 370 2404 Junn'na,
387 2330 461 2391 sicut
476 2329 508 2388 iu
520 2329 588 2389 Ald.
605 2328 692 2390 1515.

382 2503 508 2563 Potn'cio
522 2505 633 2564 Veneto
649 2503 797 2563 Benedicti
807 2501 877 2563 filio.

181 2675 217 2733 ln
229 2672 379 2751 exemplari
396 2673 480 2734 etiam
496 2672 685 2758 Lugdunensi
700 2670 873 2751 penultimus
889 2669 1063 2748 praeiatiouis
1078 2691 1175 2731 versus
1191 2669 1247 2730 de-

179 2775 250 2835 sinit
265 2776 296 2835 iu
309 2797 381 2837 voce
398 2797 474 2840 uno,·
495 2772 526 2833 iu
545 2772 659 2833 Aldiuis
679 2772 711 2832 iu
730 2794 801 2834 voce
818 2771 907 2831 redire
913 2791 926 2841 ;
943 2771 973 2830 iu
987 2771 1107 2832 sunum
1125 2769 1156 2830 in
1174 2792 1249 2836 voce

181 2898 255 2936 cum.
271 2905 286 2930 n
304 2879 376 2939 Haec
387 2875 556 2951 Santenius,
574 2887 651 2937 recte
668 2895 806 2946 mouens,
816 2872 999 2955 archetypum
1012 2872 1135 2933 Aldan.
1149 2871 1248 2947 1502,

181 2974 283 3035 habere
299 2976 436 3048 Pntn‘tin,
459 2976 528 3036 Ald.
547 2997 592 3035 an.
615 2971 692 3035 1515
708 2973 841 3033 Patricio.
859 2972 938 3033 ldern
954 2984 1032 3035 recte
1046 2973 1139 3048 addit,
1159 2974 1190 3033 iu
1203 2972 1248 3035 bis

181 3071 254 3131 binis
267 3073 472 3155 exemplaribus
487 3074 674 3153 penultimum
690 3070 863 3153 praelationis
879 3092 992 3132 versum
1008 3071 1137 3133 desinere
1152 3072 1184 3132 iu
1199 3094 1249 3133 re-

180 3168 251 3229 dire.
268 3167 323 3228 His
345 3170 497 3250 praemissis
513 3171 607 3254 pergit
628 3169 792 3232 Huscbkius
815 3169 871 3231 boc
890 3168 979 3230 modo
998 3191 1005 3227 ε
1025 3197 1041 3222 u
1063 3167 1106 3228 Aa
1124 3168 1183 3230 duo
1197 3168 1250 3230 alia

180 3267 363 3350 exemplaria,
381 3291 445 3350 quae
460 3290 515 3351 ego
529 3268 683 3346 possideo,
698 3270 833 3331 desinunt
848 3268 904 3342 ibi,
922 3268 997 3328 sicut
1010 3266 1041 3326 in
1056 3289 1088 3329 ea
1101 3266 1248 3341 editione,

181 3389 265 3449 quam
274 3365 423 3428 Juntinam
434 3367 503 3427 dicit
517 3368 634 3429 Sauteu.
651 3369 681 3427 iu
691 3389 763 3430 voce
774 3391 857 3442 cunr,
876 3379 904 3428 et
917 3368 946 3427 iu
957 3365 1146 3448 inscriptione
1155 3377 1249 3427 tamen

180 3469 287 3533 babent
294 3469 595 3531 Patricio-Benedicti.
607 3471 687 3551 Ergo
698 3468 759 3529 baec
770 3490 867 3529 rursus
883 3469 991 3531 diversa
1004 3481 1095 3530 sunta
1106 3465 1250 3531 leidensi.

182 3568 240 3631 Sed
255 3589 383 3649 quaenam
398 3567 512 3628 tandem
527 3579 571 3629 est
586 3568 709 3629 Juntino
723 3566 792 3626 illa?
810 3568 921 3644 Nempe
937 3587 987 3642 ea,
1005 3588 1070 3647 quae
1081 3565 1122 3627 sic
1136 3584 1251 3627 memo-

181 3680 258 3727 ratur
272 3668 302 3726 in
319 3666 408 3727 catal.
422 3664 499 3728 Bibl.
518 3667 635 3729 Sauteu.
652 3690 680 3748 p.
700 3664 776 3753 195,
793 3689 823 3726 n.
841 3663 889 3727 52.

225 3793 371 3867 Catillus,
395 3795 540 3867 Tibullus,
559 3794 742 3876 Propertius,
766 3792 835 3855 edit.
851 3790 941 3874 antiq.
959 3790 1021 3851 siue
1035 3790 1102 3851 loco
1118 3800 1252 3851 stanno.

180 3894 310 3975 (Catulli
324 3897 452 3978 quaedam
467 3918 533 3957 cum
548 3906 617 3958 vett.
632 3896 711 3956 ttss
726 3907 794 3956 sunt
808 3894 943 3971 collata.)

228 4020 322 4084 Habet
338 4043 370 4085 aa
387 4024 419 4084 iu
435 4022 522 4084 titulo
542 4022 699 4105 Pmpetius
722 4020 772 4082 ttd
791 4021 877 4084 linem
893 4021 925 4083 iu
943 4018 1077 4082 schedula
1104 4031 1252 4102 separata,

187 4126 326 4200 (intellec,
351 4125 490 4197 Tibullnr,
508 4122 675 4206 Pmpertios.
696 4122 750 4183 Vir
765 4122 866 4186 doctus
883 4123 915 4183 iu
930 4121 1026 4185 lronte
1043 4120 1108 4182 libri
1130 4129 1255 4179 annota-

182 4224 225 4288 u't
238 4246 247 4284 ι
264 4224 303 4287 In
316 4226 461 4308 Propertii>
475 4223 595 4308 primam
605 4223 740 4287 Aldinam
753 4220 987 4301 secutafisititoec
1000 4221 1093 4281 editio.
1106 4216 1155 4279 Ad
1165 4215 1253 4278 finem
