2834 4996
183 463 229 525 xiv
443 460 698 525 PRAEFATIO
728 462 965 525 Ent'roltls.

181 597 280 670 quam
293 569 395 642 iratus
407 596 480 644 sum
496 600 503 642 :
520 594 636 670 parum
646 565 753 641 ablirit
764 567 862 669 quin,
877 567 912 640 in
923 566 1005 667 ipsis
1018 565 1144 654 inferis,
1158 567 1240 641 mihi

180 685 290 760 vultus
305 686 471 783 unguibus
484 683 664 759 lacerarent
678 685 824 758 Nemesis
839 702 872 759 et
882 684 992 772 Delia,
1008 714 1108 786 quum
1119 714 1171 760 me
1184 685 1242 759 ille

179 801 222 875 ad
239 801 490 875 snmmoenianns
512 828 632 874 uxores
653 800 835 888 seduxerit,
857 829 994 901 quorum
1010 808 1107 895 janna
1124 803 1240 874 anae

178 917 213 989 in
228 916 373 991 Suburra
393 917 545 992 omnibus
562 916 708 1018 patebat.
733 915 845 1004 Delia,
864 916 960 990 simul
977 945 1015 990 ae
1036 935 1239 1019 compertum

176 1037 296 1111 habuit
311 1041 490 1113 surrexisse
514 1039 741 1138 interpretem,
769 1037 826 1137 qui
850 1038 920 1111 haec
947 1038 1033 1112 serio
1059 1056 1235 1126 assereret,

179 1183 249 1228 non
269 1155 380 1257 potuit
399 1154 463 1227 sibi
485 1171 682 1251 temperare,
701 1152 877 1253 quominus
892 1151 1016 1254 aliquid
1033 1154 1156 1227 demea
1175 1153 1239 1226 fide

179 1269 402 1369 suspicaretur
416 1296 423 1353 ;
448 1283 698 1339 meromontem
719 1294 789 1341 esse
806 1269 1010 1342 mendacium
1026 1268 1120 1343 nullo
1137 1269 1240 1343 modo

179 1383 404 1470 existimabat,
427 1380 629 1482 firmiterque
645 1380 681 1454 in
699 1382 856 1482 opinione
872 1384 1045 1471 remansit,
1070 1384 1140 1458 haec
1156 1382 1238 1458 clam

179 1529 233 1591 se,
254 1518 286 1574 et
302 1500 385 1573 clam
400 1498 549 1586 Nummi,
568 1527 587 1572 a
602 1526 655 1572 me
671 1527 784 1573 revera
802 1500 973 1575 commissa
990 1528 1070 1574 esse.

637 1683 777 1740 nette.

223 1821 263 1894 ld
289 1820 386 1893 etiam
412 1846 489 1892 cave
512 1847 574 1907 ne,
601 1820 691 1919 qnod
718 1820 850 1895 Codicis
876 1822 1058 1922 Lipsiensis
1084 1822 1238 1897 librnrius

174 1937 286 2036 inepte
304 1936 396 2024 feeit,
416 1935 552 2035 Lydiam
566 1962 629 2035 pro
645 1962 696 2008 me
709 1936 821 2010 neseio
836 1965 934 2037 quam
949 1936 1087 2010 Tibullo
1098 1938 1235 2011 submit-

176 2070 241 2141 tas,
259 2052 317 2154 qui
334 2080 370 2126 se
387 2053 467 2126 satis
482 2050 620 2125 infidum
637 2079 712 2146 erga
730 2079 781 2125 me
795 2052 960 2152 prestitit.

598 2253 820 2309 TIBULLUS.

225 2409 368 2486 Nimium
380 2408 475 2483 dicax
488 2407 611 2496 erudis,
627 2437 648 2481 o
662 2434 792 2506 semper
804 2407 987 2494 carissimu
1000 2404 1120 2505 jocaris
1136 2423 1233 2480 certe.

638 2608 775 2664 neele.

222 2755 314 2829 Seria
328 2752 470 2856 loquor3’
481 2753 516 2829 id
535 2771 567 2828 te
579 2753 664 2850 sugit
680 2782 783 2843 nunc,
801 2754 892 2855 quod
908 2752 1054 2828 cecinisti
1068 2753 1236 2854 quondam

173 2879 298 2977 perfide
314 2878 551 2979 jactabundum
567 2906 651 2979 soepe
665 2879 758 2950 otum
774 2878 866 2951 terrui.

602 3061 823 3117 TIBULLUS.

221 3220 276 3292 Tu
290 3245 422 3321 quoqne
440 3216 543 3291 oblita
562 3217 652 3317 quod
667 3214 833 3317 sequitur,
851 3215 920 3291 haec
939 3234 1041 3302 taces,

503 3389 548 3442 sed
557 3389 622 3462 jem,
636 3409 715 3461 quum
727 3389 820 3462 gaudia
833 3389 945 3455 adirem,

339 3489 480 3543 Admonuit
492 3489 601 3543 dominre
613 3488 769 3561 deseruitque
783 3491 872 3542 Venus
885 3494 902 3541 ¹.

178 3638 330 3711 Ceterum
348 3633 453 3733 pudet
467 3633 593 3719 dicere,
614 3661 686 3733 quae
707 3634 827 3707 damno
852 3662 925 3706 meo
951 3630 1235 3706 subintellexerint

176 3747 231 3823 hie
250 3747 342 3847 pravi
358 3775 397 3819 nc
414 3746 535 3848 perditi
551 3746 702 3822 homines
718 3778 724 3820 :
743 3747 796 3820 Di
808 3747 932 3819 meliora
941 3745 1022 3845 piis,
1052 3772 1238 3847 erroremque

174 3864 309 3975 ussto
323 3863 409 3936 uum
423 3865 457 3934 ἰ

206 4094 216 4125 ¹
233 4089 288 4144 Lib.
301 4091 327 4156 l,
342 4087 414 4161 Eleg.
425 4108 455 4154 v,
469 4108 493 4139 v.
507 4089 597 4161 39-40.

205 4211 218 4240 ²
232 4209 305 4280 Virg.
319 4207 411 4277 θεας.
421 4208 476 4279 111,
489 4228 514 4260 v.
527 4208 585 4261 513.
