2806 5002
287 472 602 540 ELEGIARUM
632 472 733 538 LlB.
767 473 796 537 Ι.
828 471 976 538 ELEG.
1011 472 1063 537 11.
1172 491 1210 558 ¹9

132 613 208 687 ttta
224 613 328 700 lavet,
346 640 404 685 scu
423 613 497 712 quis
513 610 640 710 juvenis
656 640 740 683 nova
758 609 871 683 limina
888 626 1008 695 tentat,

191 729 258 802 Seu
276 744 399 801 reserat
414 727 480 799 lixo
497 727 594 800 dente
611 726 720 827 puella
736 726 834 800 sores.

133 843 207 917 tta
222 843 321 915 docet
339 841 452 914 suctim
471 840 562 915 molli
582 842 775 916 descendere
791 842 899 929 lecto,

188 959 254 1032 ltta
271 959 389 1060 pedem
404 956 498 1031 nullo
516 987 638 1058 ponere
656 988 754 1061 posse.
773 987 875 1041 sono;

132 1074 209 1148 itta
221 1075 292 1148 viro
307 1102 418 1147 coram
437 1091 540 1146 nutus
557 1074 704 1148 conferre
721 1074 895 1175 loquaces,

188 1191 387 1292 Blandaque
402 1189 600 1290 compositis
615 1192 735 1266 abdere
750 1191 848 1266 verbu
862 1191 964 1266 notis.

182 1374 222 1423 η.
240 1357 314 1412 Voss.
323 1359 445 1424 jurenrrnr
456 1356 484 1408 in
498 1364 599 1408 testum
614 1375 659 1408 su·
706 1356 752 1410 bili
764 1357 879 1411 Auribus
886 1357 991 1412 arrectis
1000 1366 1130 1410 nocturna
1137 1355 1219 1409 silen-

158 1435 309 1503 stepitquod
317 1445 342 1487 et
350 1434 449 1488 Statius
457 1434 483 1485 in
493 1432 659 1486 multislibris
707 1436 742 1487 tia
761 1443 852 1487 tentat.
866 1456 879 1479 u
898 1435 954 1488 Nec
969 1445 1060 1486 tamen
1076 1430 1153 1485 video
1168 1451 1216 1485 cur

163 1504 206 1577 ἲῑῑὶ
217 1513 335 1566 affirmat.
349 1513 493 1566 Sentenius
506 1521 616 1564 testatur
626 1510 658 1564 ad
708 1531 761 1564 non
771 1531 843 1580 seque
856 1522 932 1581 poeta
942 1515 1070 1567 decedere.
1084 1510 1124 1563 vel
1134 1513 1220 1563 desce-

169 1582 277 1654 tntum,
302 1609 327 1659 p.
346 1590 426 1655 1812,
446 1588 550 1641 nullum
563 1608 594 1640 ex
605 1588 657 1641 suis
707 1588 873 1656 derediuerit,
885 1588 1115 1645 licetBrouckbus.
1125 1588 1152 1643 id
1162 1609 1217 1643 esso

176 1664 276 1722 tuditibus
285 1670 410 1736 jurenurn
422 1667 658 1734 babere-Quum
707 1688 800 1738 parurn
816 1669 896 1722 latine
908 1670 1044 1723 existimet.
1057 1668 1138 1723 Liber
1148 1687 1218 1723 unus

178 1739 330 1801 fflcillimnm
341 1746 376 1799 sit
389 1745 521 1813 iudicare,
536 1744 599 1814 quid
612 1764 659 1798 ve·
707 1747 818 1816 Frising.
829 1746 908 1801 babet
920 1751 1045 1815 derepere,
1063 1748 1133 1818 quod
1144 1748 1170 1801 J.
1181 1748 1218 1800 H.

180 1823 659 1893 bunenribuseleganspelelegantius
709 1825 786 1877 Voss.
805 1824 876 1878 nulla
894 1822 1056 1877 dubitatione
1071 1824 1100 1877 in
1119 1834 1220 1899 tenturus

179 1896 246 1971 fieb,
260 1923 336 1974 vegas
347 1913 425 1971 atquc
437 1903 549 1954 incertas
560 1920 660 1954 ensen-
708 1903 826 1972 suscepit.
840 1904 875 1954 At
888 1901 1038 1955 Huscbltius
1049 1901 1135 1971 lepide
1149 1920 1218 1971 pro-

179 1974 266 2037 ΗΜ
277 2001 320 2035 eas
331 2000 387 2034 esse
402 1991 485 2050 puto,
497 1998 556 2048 quae
574 1980 661 2033 studio
710 1981 816 2035 nuntiat
827 1980 854 2033 id
869 1979 1089 2034 accommodatius
1105 1999 1160 2034 csse
1176 1979 1222 2033 teti

180 2058 256 2115 *rbus
267 2058 388 2131 placendi
406 2060 560 2113 debeantur.
574 2060 661 2113 Bacn.
711 2080 790 2131 quam
803 2059 903 2129 puelle.

180 2138 261 2193 *blibi
273 2159 379 2211 quoque
387 2139 491 2206 juvenis
511 2139 593 2209 magis
607 2139 662 2209 pla·
744 2158 782 2191 αι.
801 2140 882 2189 Nudus
891 2136 1004 2204 constrre
1014 2140 1139 2204 loquaces.
1154 2137 1222 2188 Can-

179 2224 218 2279 ut,
231 2238 289 2272 nam
305 2220 334 2272 in
347 2230 474 2287 sequente
493 2237 569 2271 versu
585 2228 661 2288 poeta
703 2217 785 2284 serre,
798 2216 858 2284 quia
866 2225 960 2268 mutuo
968 2212 1038 2267 frunt
1048 2233 1054 2267 :
1063 2214 1099 2267 ita
1109 2214 1222 2282 constrre

180 2294 262 2358 ndum
270 2297 384 2363 inducit,
394 2307 421 2350 ct
431 2297 530 2367 pariter
537 2296 662 2367 singulari
708 2314 843 2360 sermones,
853 2314 918 2364 quos
927 2305 1021 2347 mutuo
1028 2293 1151 2360 lecimus,
1161 2314 1223 2347 con-

180 2382 269 2430 fflem.
710 2376 771 2423 silr'a
786 2371 896 2424 dicimus
910 2371 1015 2441 :itaque
1036 2370 1129 2423 melius
1140 2390 1221 2439 quant

203 2450 228 2502 tl
239 2456 300 2507 Fuso
308 2455 390 2505 dente.
400 2451 589 2505 Claeidentatn
598 2469 663 2505 sere.
707 2444 909 2517 pmfirre,quod
920 2447 1018 2500 Statius
1029 2446 1130 2513 laudat,
1140 2447 1224 2516 quod-

132 2552 134 2557 ·
180 2520 254 2585 'lm
264 2530 340 2585 Bene
353 2530 409 2584 bac
418 2531 537 2600 exposuit
550 2529 590 2583 Cl.
604 2528 664 2582 sat-

181 2604 248 2662 δία
258 2608 397 2662 Eser-citat.
411 2607 523 2660 Plinian.
535 2626 592 2676 pag.
605 2606 662 2679 928.

182 2672 335 2741 hucm-
343 2685 438 2739 Nullus
450 2685 664 2739 adhuccomme-

182 2768 267 2816 uatus
276 2774 314 2818 est
324 2762 394 2815 liber
404 2763 515 2831 scriptus
526 2762 571 2830 qui
583 2760 663 2815 exbi-

184 2824 236 2889 leret
248 2837 384 2891 tattonem
396 2876 403 2904 ,
423 2856 482 2906 quse
494 2836 624 2907 reperitur
634 2839 662 2890 in

185 2907 249 2967 t⁰llte
261 2917 385 2985 parisino,
399 2935 425 2970 n.
442 2919 520 2990 7989,
526 2916 664 2982 salsoden·

132 3050 136 3069 Ι
185 2987 323 3050 tullum

132 3088 134 3131 Ξ
206 3084 231 3139 ’9
239 3072 320 3147 Vulgo
330 3075 462 3133 decedere.
475 3073 517 3127 vel
524 3074 664 3126 discedere.

186 3136 312 3207 ΜΝ
323 3150 406 3207 &bx
422 3153 498 3222 paris.
510 3161 537 3205 et
548 3151 611 3205 edit.
621 3172 663 3204 un.

189 3222 233 3293 ¹le
241 3228 311 3287 fl'tttc
322 3228 416 3287 nossa
427 3230 552 3284 formavit
560 3234 665 3284 descen-

187 3294 232 3363 ‘tr
242 3306 309 3377 quod
323 3308 458 3363 Brouckls.
478 3307 610 3377 amplexus
625 3318 665 3361 cst

188 3372 252 3449 Q
264 3406 373 3455 omna,
385 3406 418 3440 eo
428 3386 504 3452 fresi,
516 3385 586 3455 quod
596 3405 663 3456 steps

189 3466 338 3521 mustus
356 3466 406 3520 tria
421 3467 464 3519 illa
482 3466 561 3519 verba
579 3468 664 3519 disce·

190 3528 234 3597 ⁶²,
245 3544 376 3603 decedere,
390 3545 539 3597 descendere
551 3583 557 3601 ,
571 3552 601 3595 ut
613 3541 663 3595 do-

192 3612 332 3676 tlibentlad
342 3622 438 3676 Horat.
447 3622 490 3676 lib.
501 3623 531 3688 1,
541 3621 590 3692 Ep.
601 3639 664 3690 xvt,

193 3698 233 3745 Ἐἰ
242 3716 259 3767 7.
270 3698 433 3753 Brouekbus.
444 3718 459 3752 e
471 3698 664 3754 consuetudine

712 2546 762 2595 que
771 2539 809 2581 est
818 2528 844 2580 in
856 2527 1016 2581 Euc.ltal.ln
1025 2545 1080 2579 uno
1088 2525 1221 2579 Broucttr.

712 2605 799 2659 Guett.
813 2629 826 2658 2
840 2629 846 2670 ς
859 2606 939 2659 etium
952 2609 1038 2659 vultus
1050 2625 1081 2658 ex
1091 2606 1222 2672 interpre-

712 2685 825 2748 tatione;
836 2686 883 2739 etsi
895 2686 931 2739 sic
939 2683 1120 2737 Ouid-Amor.
1128 2682 1154 2735 tl
1166 2697 1222 2747 ,ιη

715 2781 754 2832 17,
767 2763 810 2830 qui
820 2761 867 2815 hac
877 2760 909 2815 de
919 2780 947 2813 re
958 2759 1076 2814 classicus
1087 2769 1140 2811 est:
1151 2779 1163 2801 «ι
1174 2756 1222 2809 Me

712 2851 813 2910 specta,
827 2851 959 2908 nutusque
967 2856 1054 2897 meos,
1066 2835 1223 2903 vultumque

712 2917 848 2987 loquacem
860 2917 969 2986 :Excipe
978 2915 1099 2981 furtivas,
1113 2926 1140 2968 ct
1151 2912 1223 2966 reler

711 2996 778 3065 ipsa,
787 3008 871 3051 notas.
885 3019 897 3042 a
907 2998 975 3050 Fere
984 3007 1011 3049 ut
1020 2996 1047 3048 in
1056 3004 1149 3049 nostro
1158 2993 1223 3046 Pro·

713 3086 779 3144 pert.
791 3076 851 3141 lll,
867 3076 909 3130 El.
920 3093 966 3142 vr,
980 3095 1046 3129 vers.
1058 3078 1089 3128 25
1100 3094 1106 3127 :
1118 3073 1223 3126 «Tecta

713 3152 856 3224 superciliis
867 3154 889 3207 si
909 3153 1017 3223 quando
1031 3151 1111 3205 verbu
1125 3150 1223 3203 remit-

713 3233 754 3290 tis.
768 3255 781 3279 »ι
795 3233 888 3286 Heus.

748 3331 786 3362 us.
799 3312 951 3378 Blandaque
963 3313 1108 3377 composr'tr's
1122 3310 1223 3361 abdere.

715 3385 837 3454 Plerique
847 3386 915 3439 male
925 3389 1029 3445 addere,
1045 3384 1156 3439 Statiani
1166 3386 1225 3436 red-

713 3467 781 3525 dere,
792 3465 890 3535 Regius
898 3486 905 3529 ;
914 3464 1001 3518 Guell
1012 3486 1025 3516 2
1035 3475 1109 3518 tenet
1116 3467 1223 3524 abdere,

716 3542 787 3610 quod
798 3555 825 3598 et
833 3561 927 3611 magna
935 3562 994 3610 pars
1004 3540 1133 3594 librorum
1143 3541 1226 3592 Brou-

713 3620 811 3674 ekbusii
823 3631 920 3675 tuetur.
933 3621 1004 3674 Tum
1018 3639 1066 3691 pro
1076 3626 1144 3673 notr's
1154 3638 1224 3672 unus

715 3698 845 3753 Brouckb.
863 3701 958 3757 modis.
987 3698 1118 3752 Guamer.
1128 3698 1226 3767 joc135

194 3774 292 3833 ι’ᾸΙΙΙΙι
301 3780 431 3849 congessit
442 3778 512 3844 toea,
525 3779 619 3849 quibus
626 3788 666 3833 sat
715 3775 795 3829 Ouid.
805 3777 862 3829 Art.
872 3774 959 3829 Amat.
969 3776 1056 3848 [04⁸9
1062 3795 1092 3845 sq
1106 3794 1112 3829 :
1125 3797 1138 3821 ιι
1150 3774 1225 3828 Neve

194 3852 283 3922 Ἣυι
297 3855 407 3909 doceret
418 3855 499 3909 lectos
513 3854 590 3910 fuisse
599 3874 665 3926 gra·
715 3853 804 3923 aliquis
813 3854 898 3908 verbis
910 3853 1012 3909 odiosas
1023 3852 1119 3907 efferat
1132 3872 1223 3918 aures,

193 3911 380 3987 &hauctus
390 3973 399 3999 ,
413 3944 444 3987 ut
456 3932 563 3987 nonnisi
573 3952 666 3986 ewen-
717 3932 807 4003 Quam
817 3945 901 4005 potes,
909 3932 1036 4003 ambiguis
1042 3930 1149 3986 callidus
1156 3929 1224 3984 abde

192 3990 249 4060 luds
259 4028 297 4065 ens
310 4011 380 4064 inire
389 4010 532 4081 potuerint
540 4008 665 4080 Virgilius
715 4012 793 4065 notis.
801 4034 814 4057 ι»
825 4011 910 4078 Idem,
922 4013 1054 4065 Amorum
1066 4010 1110 4064 lib.
1120 4010 1172 4074 Ill,
1186 4008 1226 4061 El.

192 4090 282 4143 Meet
304 4090 384 4151 sirnili
403 4088 546 4159 eloquendi
567 4108 664 4158 genere
717 4093 899 4158 x1‚vers.24,
912 4090 983 4145 buuc
994 4091 1082 4144 locum
1092 4088 1228 4143 imitatur:

192 4168 268 4219 *uus
278 4167 304 4222 in
312 4166 368 4223 Cir.
378 4187 416 4222 vs.
427 4185 477 4241 ²⁰9
486 4185 515 4235 sq
527 4186 533 4220 :
546 4165 665 4233 «Quum
716 4186 730 4211 «
742 4164 883 4235 Verbaque
901 4166 1051 4235 compositis
1067 4162 1228 4219 dissimulata

192 4226 257 4297 hilm
267 4248 342 4302 tacito
348 4244 513 4301 descendens
524 4244 609 4316 Scylla
620 4265 666 4299 cn·
717 4244 795 4297 notis.
809 4266 823 4290 a
836 4245 930 4298 nass.
