<?xml version="1.0" encoding="UTF-8"?>
<!DOCTYPE html PUBLIC "-//W3C//DTD XHTML 1.0 Transitional//EN"
    "http://www.w3.org/TR/xhtml1/DTD/xhtml1-transitional.dtd">
<html xmlns="http://www.w3.org/1999/xhtml" xml:lang="en" lang="en">
 <head>
  <title>
</title>
<meta http-equiv="Content-Type" content="text/html;charset=utf-8" />
  <meta name='ocr-system' content='tesseract 3.04.00' />
  <meta name='ocr-capabilities' content='ocr_page ocr_carea ocr_par ocr_line ocrx_word'/>
</head>
<body>
  <div class='ocr_page' id='page_1' title='image "albiitibulliqua00golbgoog_0061.png"; bbox 0 0 2834 4996; ppageno 0'>
   <div class='ocr_carea' id='block_1_1' title="bbox 285 459 1185 557">
    <p class='ocr_par' dir='ltr' id='par_1_1' title="bbox 285 459 1185 557">
     <span class='ocr_line' id='line_1_1' title="bbox 285 459 1185 557; baseline 0.012 -35"><span class='ocrx_word' id='word_1_1' title='bbox 285 459 556 524; x_wconf 77' lang='lat' dir='ltr'>contentus</span> <span class='ocrx_word' id='word_1_2' title='bbox 587 461 647 522; x_wconf 84' lang='grc' dir='ltr'>ΕΤ</span> <span class='ocrx_word' id='word_1_3' title='bbox 676 463 1009 530; x_wconf 77' lang='grc' dir='ltr'><strong>ΕΒΙΤΙΟΝΙΒΙῙ8.’</strong></span> <span class='ocrx_word' id='word_1_4' title='bbox 1145 474 1185 557; x_wconf 72' lang='lat' dir='ltr'>liu</span> 
     </span>
    </p>
   </div>
   <div class='ocr_carea' id='block_1_2' title="bbox 102 592 1242 3852">
    <p class='ocr_par' dir='ltr' id='par_1_2' title="bbox 102 592 1242 3852">
     <span class='ocr_line' id='line_1_2' title="bbox 110 592 1186 683; baseline 0.006 -25"><span class='ocrx_word' id='word_1_5' title='bbox 110 613 247 658; x_wconf 83' lang='lat' dir='ltr'>successu</span> <span class='ocrx_word' id='word_1_6' title='bbox 266 604 376 667; x_wconf 81' lang='lat' dir='ltr'>curata,</span> <span class='ocrx_word' id='word_1_7' title='bbox 394 592 549 676; x_wconf 86' lang='lat' dir='ltr'>eademque</span> <span class='ocrx_word' id='word_1_8' title='bbox 568 592 753 679; x_wconf 81' lang='lat' dir='ltr'>dignissima,</span> <span class='ocrx_word' id='word_1_9' title='bbox 773 616 838 678; x_wconf 79' lang='lat' dir='ltr'>quse</span> <span class='ocrx_word' id='word_1_10' title='bbox 860 619 875 657; x_wconf 82' lang='lat' dir='ltr'>s</span> <span class='ocrx_word' id='word_1_11' title='bbox 893 617 939 657; x_wconf 90' lang='lat' dir='ltr'>me</span> <span class='ocrx_word' id='word_1_12' title='bbox 956 610 1023 680; x_wconf 91' lang='lat' dir='ltr'>post</span> <span class='ocrx_word' id='word_1_13' title='bbox 1040 601 1186 683; x_wconf 84' lang='lat' dir='ltr'>Heynium</span> 
     </span>
     <span class='ocr_line' id='line_1_3' title="bbox 109 689 1188 775; baseline 0.006 -21"><span class='ocrx_word' id='word_1_14' title='bbox 109 692 208 754; x_wconf 64' lang='lat' dir='ltr'>&amp;nuo</span> <span class='ocrx_word' id='word_1_15' title='bbox 217 689 425 751; x_wconf 83' lang='lat' dir='ltr'>accuratissime</span> <span class='ocrx_word' id='word_1_16' title='bbox 436 701 634 767; x_wconf 68' lang='lat' dir='ltr'>ercuteretur,</span> <span class='ocrx_word' id='word_1_17' title='bbox 652 703 785 774; x_wconf 86' lang='lat' dir='ltr'>experto,</span> <span class='ocrx_word' id='word_1_18' title='bbox 803 693 890 775; x_wconf 85' lang='lat' dir='ltr'>majus</span> <span class='ocrx_word' id='word_1_19' title='bbox 900 694 1006 775; x_wconf 79' lang='lat' dir='ltr'>aliquid</span> <span class='ocrx_word' id='word_1_20' title='bbox 1020 693 1188 761; x_wconf 70' lang='lat' dir='ltr'><strong>informasse</strong></span> 
     </span>
     <span class='ocr_line' id='line_1_4' title="bbox 109 786 1185 871; baseline 0.006 -20"><span class='ocrx_word' id='word_1_21' title='bbox 109 789 207 851; x_wconf 84' lang='lat' dir='ltr'>animo</span> <span class='ocrx_word' id='word_1_22' title='bbox 226 786 455 865; x_wconf 75' lang='lat' dir='ltr'>calphurnium,</span> <span class='ocrx_word' id='word_1_23' title='bbox 473 808 557 869; x_wconf 73' lang='lat' dir='ltr'>psam</span> <span class='ocrx_word' id='word_1_24' title='bbox 577 788 759 871; x_wconf 84' lang='lat' dir='ltr'>Cyllenium,</span> <span class='ocrx_word' id='word_1_25' title='bbox 777 789 825 869; x_wconf 90' lang='lat' dir='ltr'>qui</span> <span class='ocrx_word' id='word_1_26' title='bbox 846 810 999 871; x_wconf 75' lang='lat' dir='ltr'>numquam</span> <span class='ocrx_word' id='word_1_27' title='bbox 1019 804 1185 857; x_wconf 83' lang='lat' dir='ltr'>contextum</span> 
     </span>
     <span class='ocr_line' id='line_1_5' title="bbox 109 887 1185 971; baseline 0.004 -17"><span class='ocrx_word' id='word_1_28' title='bbox 109 889 333 954; x_wconf 68' lang='lat' dir='ltr'>emendatiorem</span> <span class='ocrx_word' id='word_1_29' title='bbox 343 887 449 963; x_wconf 79' lang='lat' dir='ltr'>edidit,</span> <span class='ocrx_word' id='word_1_30' title='bbox 458 888 538 971; x_wconf 80' lang='lat' dir='ltr'>quod</span> <span class='ocrx_word' id='word_1_31' title='bbox 549 888 742 967; x_wconf 79' lang='lat' dir='ltr'>perfecturum</span> <span class='ocrx_word' id='word_1_32' title='bbox 756 911 786 950; x_wconf 91' lang='lat' dir='ltr'>se</span> <span class='ocrx_word' id='word_1_33' title='bbox 796 888 884 951; x_wconf 83' lang='lat' dir='ltr'>luisse</span> <span class='ocrx_word' id='word_1_34' title='bbox 894 890 924 950; x_wconf 93' lang='lat' dir='ltr'>in</span> <span class='ocrx_word' id='word_1_35' title='bbox 932 893 1074 968; x_wconf 88' lang='lat' dir='ltr'>prooemio</span> <span class='ocrx_word' id='word_1_36' title='bbox 1085 894 1185 958; x_wconf 77' lang='lat' dir='ltr'>scribit</span> 
     </span>
     <span class='ocr_line' id='line_1_6' title="bbox 109 987 1183 1072; baseline 0.003 -20"><span class='ocrx_word' id='word_1_37' title='bbox 109 990 178 1063; x_wconf 90' lang='lat' dir='ltr'>ille,</span> <span class='ocrx_word' id='word_1_38' title='bbox 196 989 252 1050; x_wconf 86' lang='lat' dir='ltr'>nisi</span> <span class='ocrx_word' id='word_1_39' title='bbox 269 1010 418 1066; x_wconf 87' lang='lat' dir='ltr'>operarum</span> <span class='ocrx_word' id='word_1_40' title='bbox 432 988 606 1072; x_wconf 78' lang='lat' dir='ltr'>negligentia</span> <span class='ocrx_word' id='word_1_41' title='bbox 621 987 789 1050; x_wconf 74' lang='lat' dir='ltr'>obstitisset.</span> <span class='ocrx_word' id='word_1_42' title='bbox 805 989 870 1065; x_wconf 86' lang='lat' dir='ltr'>Qua</span> <span class='ocrx_word' id='word_1_43' title='bbox 885 989 922 1050; x_wconf 88' lang='lat' dir='ltr'>de</span> <span class='ocrx_word' id='word_1_44' title='bbox 938 1010 969 1049; x_wconf 91' lang='lat' dir='ltr'>re</span> <span class='ocrx_word' id='word_1_45' title='bbox 986 993 1111 1072; x_wconf 77' lang='lat' dir='ltr'>qrraedsm</span> <span class='ocrx_word' id='word_1_46' title='bbox 1126 1007 1183 1056; x_wconf 89' lang='lat' dir='ltr'>tam</span> 
     </span>
     <span class='ocr_line' id='line_1_7' title="bbox 109 1086 1184 1172; baseline 0.005 -22"><span class='ocrx_word' id='word_1_47' title='bbox 109 1089 269 1168; x_wconf 75' lang='lat' dir='ltr'>prudenter</span> <span class='ocrx_word' id='word_1_48' title='bbox 283 1087 393 1150; x_wconf 83' lang='lat' dir='ltr'>monita</span> <span class='ocrx_word' id='word_1_49' title='bbox 406 1087 466 1147; x_wconf 89' lang='lat' dir='ltr'>illic</span> <span class='ocrx_word' id='word_1_50' title='bbox 481 1086 679 1165; x_wconf 85' lang='lat' dir='ltr'>reperiuntur,</span> <span class='ocrx_word' id='word_1_51' title='bbox 691 1101 726 1150; x_wconf 88' lang='lat' dir='ltr'>ut</span> <span class='ocrx_word' id='word_1_52' title='bbox 739 1103 850 1172; x_wconf 88' lang='lat' dir='ltr'>gratum</span> <span class='ocrx_word' id='word_1_53' title='bbox 865 1110 911 1149; x_wconf 91' lang='lat' dir='ltr'>me</span> <span class='ocrx_word' id='word_1_54' title='bbox 926 1089 1066 1151; x_wconf 78' lang='lat' dir='ltr'>iacturum</span> <span class='ocrx_word' id='word_1_55' title='bbox 1084 1092 1184 1155; x_wconf 80' lang='lat' dir='ltr'>harum</span> 
     </span>
     <span class='ocr_line' id='line_1_8' title="bbox 109 1184 1183 1263; baseline 0.005 -17"><span class='ocrx_word' id='word_1_56' title='bbox 109 1206 209 1246; x_wconf 89' lang='lat' dir='ltr'>rerum</span> <span class='ocrx_word' id='word_1_57' title='bbox 225 1184 382 1247; x_wconf 86' lang='lat' dir='ltr'>amantibus</span> <span class='ocrx_word' id='word_1_58' title='bbox 399 1184 538 1260; x_wconf 88' lang='lat' dir='ltr'>arbitrer,</span> <span class='ocrx_word' id='word_1_59' title='bbox 558 1185 583 1245; x_wconf 91' lang='lat' dir='ltr'>si</span> <span class='ocrx_word' id='word_1_60' title='bbox 597 1184 712 1263; x_wconf 82' lang='lat' dir='ltr'>potiora</span> <span class='ocrx_word' id='word_1_61' title='bbox 731 1184 762 1246; x_wconf 89' lang='lat' dir='ltr'>in</span> <span class='ocrx_word' id='word_1_62' title='bbox 779 1187 858 1247; x_wconf 88' lang='lat' dir='ltr'>hunc</span> <span class='ocrx_word' id='word_1_63' title='bbox 876 1187 972 1248; x_wconf 90' lang='lat' dir='ltr'>locum</span> <span class='ocrx_word' id='word_1_64' title='bbox 988 1187 1183 1251; x_wconf 78' lang='lat' dir='ltr'>transcribant.</span> 
     </span>
     <span class='ocr_line' id='line_1_9' title="bbox 110 1283 1184 1370; baseline -0.005 -19"><span class='ocrx_word' id='word_1_65' title='bbox 110 1286 220 1351; x_wconf 76' lang='lat' dir='ltr'>Scribit</span> <span class='ocrx_word' id='word_1_66' title='bbox 232 1298 337 1347; x_wconf 86' lang='lat' dir='ltr'>autem.</span> <span class='ocrx_word' id='word_1_67' title='bbox 347 1286 398 1348; x_wconf 85' lang='lat' dir='ltr'>Jo.</span> <span class='ocrx_word' id='word_1_68' title='bbox 411 1283 604 1362; x_wconf 87' lang='lat' dir='ltr'>Calphornius</span> <span class='ocrx_word' id='word_1_69' title='bbox 616 1284 768 1344; x_wconf 82' lang='lat' dir='ltr'>Hmuoloo</span> <span class='ocrx_word' id='word_1_70' title='bbox 776 1285 1008 1367; x_wconf 69' lang='lat' dir='ltr'>juris-utriusque</span> <span class='ocrx_word' id='word_1_71' title='bbox 1022 1287 1129 1347; x_wconf 77' lang='lat' dir='ltr'>docturi</span> <span class='ocrx_word' id='word_1_72' title='bbox 1134 1309 1184 1370; x_wconf 84' lang='lat' dir='ltr'>pe·</span> 
     </span>
     <span class='ocr_line' id='line_1_10' title="bbox 109 1380 1078 1464; baseline -0.002 -19"><span class='ocrx_word' id='word_1_73' title='bbox 109 1385 264 1457; x_wconf 63' lang='lat' dir='ltr'>summm,</span> <span class='ocrx_word' id='word_1_74' title='bbox 280 1380 609 1460; x_wconf 81' lang='lat' dir='ltr'>Omtorifucuuds&#39;ssimo</span> <span class='ocrx_word' id='word_1_75' title='bbox 619 1393 645 1442; x_wconf 83' lang='lat' dir='ltr'>et</span> <span class='ocrx_word' id='word_1_76' title='bbox 655 1385 816 1464; x_wconf 81' lang='lat' dir='ltr'>philosopho</span> <span class='ocrx_word' id='word_1_77' title='bbox 828 1384 1015 1443; x_wconf 81' lang='lat' dir='ltr'>ensdits&#39;ssimo</span> <span class='ocrx_word' id='word_1_78' title='bbox 1024 1384 1078 1444; x_wconf 83' lang='lat' dir='ltr'>its:</span> 
     </span>
     <span class='ocr_line' id='line_1_11' title="bbox 151 1490 1181 1573; baseline 0 -17"><span class='ocrx_word' id='word_1_79' title='bbox 151 1494 294 1556; x_wconf 81' lang='lat' dir='ltr'>Homines</span> <span class='ocrx_word' id='word_1_80' title='bbox 307 1492 397 1554; x_wconf 76' lang='lat' dir='ltr'>aetahs</span> <span class='ocrx_word' id='word_1_81' title='bbox 414 1504 538 1566; x_wconf 84' lang='lat' dir='ltr'>nostrae,</span> <span class='ocrx_word' id='word_1_82' title='bbox 558 1492 711 1553; x_wconf 74' lang='lat' dir='ltr'>Hermolao</span> <span class='ocrx_word' id='word_1_83' title='bbox 728 1490 944 1565; x_wconf 76' lang='lat' dir='ltr'>facundissime,</span> <span class='ocrx_word' id='word_1_84' title='bbox 960 1493 1010 1573; x_wconf 91' lang='lat' dir='ltr'>qui</span> <span class='ocrx_word' id='word_1_85' title='bbox 1026 1492 1181 1556; x_wconf 80' lang='lat' dir='ltr'>litterarum</span> 
     </span>
     <span class='ocr_line' id='line_1_12' title="bbox 107 1591 1183 1675; baseline 0.002 -21"><span class='ocrx_word' id='word_1_86' title='bbox 107 1612 246 1675; x_wconf 72' lang='lat' dir='ltr'>perquem</span> <span class='ocrx_word' id='word_1_87' title='bbox 260 1591 383 1655; x_wconf 84' lang='lat' dir='ltr'>studiosi</span> <span class='ocrx_word' id='word_1_88' title='bbox 395 1603 480 1667; x_wconf 90' lang='lat' dir='ltr'>sunt,</span> <span class='ocrx_word' id='word_1_89' title='bbox 494 1591 611 1653; x_wconf 88' lang='lat' dir='ltr'>mirilice</span> <span class='ocrx_word' id='word_1_90' title='bbox 623 1591 711 1652; x_wconf 86' lang='lat' dir='ltr'>laetari</span> <span class='ocrx_word' id='word_1_91' title='bbox 722 1604 862 1669; x_wconf 84' lang='lat' dir='ltr'>possunt,</span> <span class='ocrx_word' id='word_1_92' title='bbox 877 1592 956 1673; x_wconf 90' lang='lat' dir='ltr'>quod</span> <span class='ocrx_word' id='word_1_93' title='bbox 973 1594 1002 1651; x_wconf 91' lang='lat' dir='ltr'>in</span> <span class='ocrx_word' id='word_1_94' title='bbox 1017 1591 1183 1656; x_wconf 82' lang='lat' dir='ltr'>immensam</span> 
     </span>
     <span class='ocr_line' id='line_1_13' title="bbox 108 1689 1182 1774; baseline 0.003 -21"><span class='ocrx_word' id='word_1_95' title='bbox 108 1690 251 1753; x_wconf 83' lang='lat' dir='ltr'>librorum</span> <span class='ocrx_word' id='word_1_96' title='bbox 267 1689 377 1769; x_wconf 88' lang='lat' dir='ltr'>copiam</span> <span class='ocrx_word' id='word_1_97' title='bbox 391 1690 561 1764; x_wconf 79' lang='lat' dir='ltr'>inciderint,</span> <span class='ocrx_word' id='word_1_98' title='bbox 580 1713 633 1772; x_wconf 86' lang='lat' dir='ltr'>qua</span> <span class='ocrx_word' id='word_1_99' title='bbox 648 1704 678 1752; x_wconf 87' lang='lat' dir='ltr'>et</span> <span class='ocrx_word' id='word_1_100' title='bbox 689 1691 779 1772; x_wconf 90' lang='lat' dir='ltr'>prisca</span> <span class='ocrx_word' id='word_1_101' title='bbox 792 1703 858 1752; x_wconf 75' lang='lat' dir='ltr'>setas</span> <span class='ocrx_word' id='word_1_102' title='bbox 872 1704 902 1751; x_wconf 90' lang='lat' dir='ltr'>et</span> <span class='ocrx_word' id='word_1_103' title='bbox 913 1715 964 1765; x_wconf 85' lang='lat' dir='ltr'>ea,</span> <span class='ocrx_word' id='word_1_104' title='bbox 977 1714 1041 1774; x_wconf 78' lang='lat' dir='ltr'>quse</span> <span class='ocrx_word' id='word_1_105' title='bbox 1055 1705 1182 1756; x_wconf 75' lang='lat' dir='ltr'>nostram</span> 
     </span>
     <span class='ocr_line' id='line_1_14' title="bbox 107 1786 1181 1870; baseline 0.004 -22"><span class='ocrx_word' id='word_1_106' title='bbox 107 1788 274 1866; x_wconf 77' lang='lat' dir='ltr'>przeoessit,</span> <span class='ocrx_word' id='word_1_107' title='bbox 292 1786 431 1858; x_wconf 75' lang='lat' dir='ltr'>caruerit3</span> <span class='ocrx_word' id='word_1_108' title='bbox 448 1810 513 1870; x_wconf 85' lang='lat' dir='ltr'>quae</span> <span class='ocrx_word' id='word_1_109' title='bbox 529 1786 643 1869; x_wconf 87' lang='lat' dir='ltr'>quidem</span> <span class='ocrx_word' id='word_1_110' title='bbox 659 1808 693 1848; x_wconf 84' lang='lat' dir='ltr'>ex</span> <span class='ocrx_word' id='word_1_111' title='bbox 707 1788 911 1866; x_wconf 85' lang='lat' dir='ltr'>impressorum</span> <span class='ocrx_word' id='word_1_112' title='bbox 929 1809 1049 1852; x_wconf 88' lang='lat' dir='ltr'>numero</span> <span class='ocrx_word' id='word_1_113' title='bbox 1071 1801 1181 1852; x_wconf 86' lang='lat' dir='ltr'>tantum</span> 
     </span>
     <span class='ocr_line' id='line_1_15' title="bbox 108 1887 1180 1974; baseline -0.001 -22"><span class='ocrx_word' id='word_1_114' title='bbox 108 1890 215 1964; x_wconf 79' lang='lat' dir='ltr'>crevit,</span> <span class='ocrx_word' id='word_1_115' title='bbox 229 1902 262 1951; x_wconf 86' lang='lat' dir='ltr'>ut</span> <span class='ocrx_word' id='word_1_116' title='bbox 271 1891 326 1972; x_wconf 80' lang='lat' dir='ltr'>jam</span> <span class='ocrx_word' id='word_1_117' title='bbox 337 1909 451 1951; x_wconf 87' lang='lat' dir='ltr'>neeesse</span> <span class='ocrx_word' id='word_1_118' title='bbox 461 1887 499 1949; x_wconf 90' lang='lat' dir='ltr'>sit</span> <span class='ocrx_word' id='word_1_119' title='bbox 510 1909 570 1950; x_wconf 93' lang='lat' dir='ltr'>non</span> <span class='ocrx_word' id='word_1_120' title='bbox 581 1888 764 1951; x_wconf 78' lang='lat' dir='ltr'>bibliothecas</span> <span class='ocrx_word' id='word_1_121' title='bbox 775 1902 865 1963; x_wconf 82' lang='lat' dir='ltr'>totas,</span> <span class='ocrx_word' id='word_1_122' title='bbox 876 1890 926 1951; x_wconf 90' lang='lat' dir='ltr'>sed</span> <span class='ocrx_word' id='word_1_123' title='bbox 938 1890 1040 1951; x_wconf 91' lang='lat' dir='ltr'>dumos</span> <span class='ocrx_word' id='word_1_124' title='bbox 1052 1891 1180 1974; x_wconf 89' lang='lat' dir='ltr'>implere.</span> 
     </span>
     <span class='ocr_line' id='line_1_16' title="bbox 108 1987 1181 2071; baseline 0.006 -26"><span class='ocrx_word' id='word_1_125' title='bbox 108 1989 235 2063; x_wconf 82' lang='lat' dir='ltr'>Verum,</span> <span class='ocrx_word' id='word_1_126' title='bbox 249 2001 282 2050; x_wconf 91' lang='lat' dir='ltr'>ut</span> <span class='ocrx_word' id='word_1_127' title='bbox 295 1988 391 2070; x_wconf 89' lang='lat' dir='ltr'>iuquit</span> <span class='ocrx_word' id='word_1_128' title='bbox 400 2000 486 2066; x_wconf 86' lang='lat' dir='ltr'>poeta</span> <span class='ocrx_word' id='word_1_129' title='bbox 495 1988 543 2048; x_wconf 88' lang='lat' dir='ltr'>ille</span> <span class='ocrx_word' id='word_1_130' title='bbox 551 1987 720 2050; x_wconf 85' lang='lat' dir='ltr'>clarissimus</span> <span class='ocrx_word' id='word_1_131' title='bbox 731 2032 740 2063; x_wconf 99' lang='lat'>,</span> <span class='ocrx_word' id='word_1_132' title='bbox 750 1991 883 2051; x_wconf 75' lang='lat' dir='ltr'>eturticu</span> <span class='ocrx_word' id='word_1_133' title='bbox 890 1991 1021 2071; x_wconf 67' lang='lat' dir='ltr'>munima</span> <span class='ocrx_word' id='word_1_134' title='bbox 1032 2011 1106 2071; x_wconf 81' lang='lat' dir='ltr'>soepe</span> <span class='ocrx_word' id='word_1_135' title='bbox 1115 2013 1181 2052; x_wconf 82' lang='lat' dir='ltr'>rusa</span> 
     </span>
     <span class='ocr_line' id='line_1_17' title="bbox 109 2087 1179 2169; baseline 0.003 -20"><span class='ocrx_word' id='word_1_136' title='bbox 109 2100 167 2161; x_wconf 79' lang='lat' dir='ltr'>est,</span> <span class='ocrx_word' id='word_1_137' title='bbox 186 2110 249 2150; x_wconf 90' lang='lat' dir='ltr'>non</span> <span class='ocrx_word' id='word_1_138' title='bbox 259 2089 357 2166; x_wconf 88' lang='lat' dir='ltr'>potuit</span> <span class='ocrx_word' id='word_1_139' title='bbox 368 2087 425 2149; x_wconf 91' lang='lat' dir='ltr'>hoc</span> <span class='ocrx_word' id='word_1_140' title='bbox 439 2088 568 2149; x_wconf 81' lang='lat' dir='ltr'>divinum</span> <span class='ocrx_word' id='word_1_141' title='bbox 582 2111 704 2164; x_wconf 90' lang='lat' dir='ltr'>munus,</span> <span class='ocrx_word' id='word_1_142' title='bbox 723 2101 755 2149; x_wconf 92' lang='lat' dir='ltr'>nt</span> <span class='ocrx_word' id='word_1_143' title='bbox 765 2089 796 2148; x_wconf 92' lang='lat' dir='ltr'>in</span> <span class='ocrx_word' id='word_1_144' title='bbox 807 2089 935 2150; x_wconf 82' lang='lat' dir='ltr'>humanis</span> <span class='ocrx_word' id='word_1_145' title='bbox 945 2090 1072 2151; x_wconf 85' lang='lat' dir='ltr'>accidere</span> <span class='ocrx_word' id='word_1_146' title='bbox 1083 2092 1179 2169; x_wconf 89' lang='lat' dir='ltr'>solet,</span> 
     </span>
     <span class='ocr_line' id='line_1_18' title="bbox 108 2186 1180 2270; baseline 0.002 -22"><span class='ocrx_word' id='word_1_147' title='bbox 108 2208 145 2248; x_wconf 85' lang='lat' dir='ltr'>ex</span> <span class='ocrx_word' id='word_1_148' title='bbox 160 2189 241 2249; x_wconf 88' lang='lat' dir='ltr'>omni</span> <span class='ocrx_word' id='word_1_149' title='bbox 252 2199 331 2270; x_wconf 83' lang='lat' dir='ltr'>parte</span> <span class='ocrx_word' id='word_1_150' title='bbox 344 2207 406 2248; x_wconf 89' lang='lat' dir='ltr'>esse</span> <span class='ocrx_word' id='word_1_151' title='bbox 421 2186 589 2269; x_wconf 86' lang='lat' dir='ltr'>perlectum.</span> <span class='ocrx_word' id='word_1_152' title='bbox 603 2188 679 2248; x_wconf 91' lang='lat' dir='ltr'>Huic</span> <span class='ocrx_word' id='word_1_153' title='bbox 693 2188 768 2249; x_wconf 90' lang='lat' dir='ltr'>enim</span> <span class='ocrx_word' id='word_1_154' title='bbox 781 2210 869 2248; x_wconf 90' lang='lat' dir='ltr'>unum</span> <span class='ocrx_word' id='word_1_155' title='bbox 885 2189 981 2249; x_wconf 85' lang='lat' dir='ltr'>deesse</span> <span class='ocrx_word' id='word_1_156' title='bbox 990 2189 1093 2263; x_wconf 88' lang='lat' dir='ltr'>video,</span> <span class='ocrx_word' id='word_1_157' title='bbox 1109 2190 1180 2250; x_wconf 90' lang='lat' dir='ltr'>dili-</span> 
     </span>
     <span class='ocr_line' id='line_1_19' title="bbox 108 2285 1188 2371; baseline 0.004 -23"><span class='ocrx_word' id='word_1_158' title='bbox 108 2301 222 2371; x_wconf 79' lang='lat' dir='ltr'>gentem</span> <span class='ocrx_word' id='word_1_159' title='bbox 237 2300 267 2348; x_wconf 91' lang='lat' dir='ltr'>et</span> <span class='ocrx_word' id='word_1_160' title='bbox 277 2298 434 2349; x_wconf 76' lang='lat' dir='ltr'>accuratam</span> <span class='ocrx_word' id='word_1_161' title='bbox 443 2287 581 2348; x_wconf 88' lang='lat' dir='ltr'>librorum</span> <span class='ocrx_word' id='word_1_162' title='bbox 593 2285 813 2369; x_wconf 78' lang='lat' dir='ltr'>castigationem.</span> <span class='ocrx_word' id='word_1_163' title='bbox 826 2286 897 2348; x_wconf 88' lang='lat' dir='ltr'>Siue</span> <span class='ocrx_word' id='word_1_164' title='bbox 914 2289 964 2349; x_wconf 86' lang='lat' dir='ltr'>hac</span> <span class='ocrx_word' id='word_1_165' title='bbox 975 2288 1113 2371; x_wconf 85' lang='lat' dir='ltr'>quicquid</span> <span class='ocrx_word' id='word_1_166' title='bbox 1128 2290 1188 2366; x_wconf 85' lang='lat' dir='ltr'>fit,</span> 
     </span>
     <span class='ocr_line' id='line_1_20' title="bbox 106 2387 1242 2473; baseline 0.004 -23"><span class='ocrx_word' id='word_1_167' title='bbox 106 2388 210 2451; x_wconf 73' lang='lat' dir='ltr'>trusus</span> <span class='ocrx_word' id='word_1_168' title='bbox 224 2389 286 2450; x_wconf 90' lang='lat' dir='ltr'>lieri</span> <span class='ocrx_word' id='word_1_169' title='bbox 303 2409 417 2450; x_wconf 87' lang='lat' dir='ltr'>necesse</span> <span class='ocrx_word' id='word_1_170' title='bbox 436 2399 489 2450; x_wconf 87' lang='lat' dir='ltr'>est.</span> <span class='ocrx_word' id='word_1_171' title='bbox 512 2389 586 2448; x_wconf 84' lang='lat' dir='ltr'>Nam</span> <span class='ocrx_word' id='word_1_172' title='bbox 605 2400 635 2448; x_wconf 88' lang='lat' dir='ltr'>et</span> <span class='ocrx_word' id='word_1_173' title='bbox 656 2387 830 2449; x_wconf 89' lang='lat' dir='ltr'>discentibus</span> <span class='ocrx_word' id='word_1_174' title='bbox 848 2412 948 2450; x_wconf 88' lang='lat' dir='ltr'>sensus</span> <span class='ocrx_word' id='word_1_175' title='bbox 966 2390 1128 2465; x_wconf 91' lang='lat' dir='ltr'>obscurus,</span> <span class='ocrx_word' id='word_1_176' title='bbox 1149 2405 1199 2473; x_wconf 23' lang='lat' dir='ltr'>et,</span> <span class='ocrx_word' id='word_1_177' title='bbox 1238 2460 1242 2469; x_wconf 37' lang='grc' dir='ltr'><strong><em>Ι</em></strong></span> 
     </span>
     <span class='ocr_line' id='line_1_21' title="bbox 107 2487 1178 2572; baseline 0.002 -21"><span class='ocrx_word' id='word_1_178' title='bbox 107 2488 198 2551; x_wconf 85' lang='lat' dir='ltr'>doctis</span> <span class='ocrx_word' id='word_1_179' title='bbox 213 2489 332 2551; x_wconf 69' lang='lat' dir='ltr'>taedium</span> <span class='ocrx_word' id='word_1_180' title='bbox 342 2487 459 2550; x_wconf 86' lang='lat' dir='ltr'>minime</span> <span class='ocrx_word' id='word_1_181' title='bbox 472 2487 651 2550; x_wconf 85' lang='lat' dir='ltr'>tolerandum</span> <span class='ocrx_word' id='word_1_182' title='bbox 662 2487 794 2572; x_wconf 86' lang='lat' dir='ltr'>insurgit.</span> <span class='ocrx_word' id='word_1_183' title='bbox 812 2487 888 2549; x_wconf 91' lang='lat' dir='ltr'>Hinc</span> <span class='ocrx_word' id='word_1_184' title='bbox 900 2501 929 2549; x_wconf 89' lang='lat' dir='ltr'>et</span> <span class='ocrx_word' id='word_1_185' title='bbox 940 2512 1040 2552; x_wconf 84' lang='lat' dir='ltr'>nausea</span> <span class='ocrx_word' id='word_1_186' title='bbox 1050 2492 1178 2572; x_wconf 80' lang='lat' dir='ltr'>quaedam</span> 
     </span>
     <span class='ocr_line' id='line_1_22' title="bbox 106 2585 1177 2672; baseline 0.002 -20"><span class='ocrx_word' id='word_1_187' title='bbox 106 2590 268 2669; x_wconf 79' lang='lat' dir='ltr'>deponendi</span> <span class='ocrx_word' id='word_1_188' title='bbox 276 2590 413 2653; x_wconf 75' lang='lat' dir='ltr'>assiduam</span> <span class='ocrx_word' id='word_1_189' title='bbox 420 2589 574 2651; x_wconf 88' lang='lat' dir='ltr'>lectionem</span> <span class='ocrx_word' id='word_1_190' title='bbox 584 2585 728 2664; x_wconf 90' lang='lat' dir='ltr'>oboritur,</span> <span class='ocrx_word' id='word_1_191' title='bbox 735 2610 817 2668; x_wconf 87' lang='lat' dir='ltr'>quam</span> <span class='ocrx_word' id='word_1_192' title='bbox 825 2611 1040 2672; x_wconf 86' lang='lat' dir='ltr'>nonnumquam</span> <span class='ocrx_word' id='word_1_193' title='bbox 1049 2591 1177 2667; x_wconf 89' lang='lat' dir='ltr'>pluribus</span> 
     </span>
     <span class='ocr_line' id='line_1_23' title="bbox 105 2687 1174 2771; baseline 0 -20"><span class='ocrx_word' id='word_1_194' title='bbox 105 2689 228 2752; x_wconf 76' lang='lat' dir='ltr'>delimtis</span> <span class='ocrx_word' id='word_1_195' title='bbox 244 2703 274 2751; x_wconf 90' lang='lat' dir='ltr'>et</span> <span class='ocrx_word' id='word_1_196' title='bbox 290 2689 372 2771; x_wconf 88' lang='lat' dir='ltr'>copia</span> <span class='ocrx_word' id='word_1_197' title='bbox 390 2689 449 2771; x_wconf 83' lang='lat' dir='ltr'>ipsa</span> <span class='ocrx_word' id='word_1_198' title='bbox 470 2687 605 2770; x_wconf 81' lang='lat' dir='ltr'>suggerit.</span> <span class='ocrx_word' id='word_1_199' title='bbox 625 2688 702 2746; x_wconf 87' lang='lat' dir='ltr'>Huic</span> <span class='ocrx_word' id='word_1_200' title='bbox 722 2687 765 2746; x_wconf 88' lang='lat' dir='ltr'>rei</span> <span class='ocrx_word' id='word_1_201' title='bbox 784 2688 972 2769; x_wconf 85' lang='lat' dir='ltr'>pulcherrime</span> <span class='ocrx_word' id='word_1_202' title='bbox 991 2704 1174 2762; x_wconf 85' lang='lat' dir='ltr'>succurrant,</span> 
     </span>
     <span class='ocr_line' id='line_1_24' title="bbox 105 2783 1177 2872; baseline 0 -23"><span class='ocrx_word' id='word_1_203' title='bbox 105 2790 156 2872; x_wconf 80' lang='lat' dir='ltr'>qui</span> <span class='ocrx_word' id='word_1_204' title='bbox 170 2789 301 2872; x_wconf 84' lang='lat' dir='ltr'>possint,</span> <span class='ocrx_word' id='word_1_205' title='bbox 325 2788 432 2871; x_wconf 89' lang='lat' dir='ltr'>quique</span> <span class='ocrx_word' id='word_1_206' title='bbox 452 2783 587 2868; x_wconf 80' lang='lat' dir='ltr'>singulari</span> <span class='ocrx_word' id='word_1_207' title='bbox 609 2784 735 2844; x_wconf 78' lang='lat' dir='ltr'>fecundia</span> <span class='ocrx_word' id='word_1_208' title='bbox 752 2806 784 2844; x_wconf 85' lang='lat' dir='ltr'>ac</span> <span class='ocrx_word' id='word_1_209' title='bbox 803 2787 963 2847; x_wconf 89' lang='lat' dir='ltr'>eruditione</span> <span class='ocrx_word' id='word_1_210' title='bbox 981 2786 1091 2864; x_wconf 75' lang='lat' dir='ltr'>praetliti</span> <span class='ocrx_word' id='word_1_211' title='bbox 1109 2787 1177 2849; x_wconf 88' lang='lat' dir='ltr'>sint.</span> 
     </span>
     <span class='ocr_line' id='line_1_25' title="bbox 105 2881 1176 2961; baseline -0.004 -14"><span class='ocrx_word' id='word_1_212' title='bbox 105 2888 184 2949; x_wconf 88' lang='lat' dir='ltr'>Huic</span> <span class='ocrx_word' id='word_1_213' title='bbox 198 2899 231 2946; x_wconf 89' lang='lat' dir='ltr'>tu</span> <span class='ocrx_word' id='word_1_214' title='bbox 244 2907 392 2958; x_wconf 89' lang='lat' dir='ltr'>succurre,</span> <span class='ocrx_word' id='word_1_215' title='bbox 410 2897 463 2945; x_wconf 89' lang='lat' dir='ltr'>etc.</span> <span class='ocrx_word' id='word_1_216' title='bbox 477 2882 538 2944; x_wconf 90' lang='lat' dir='ltr'>Cur</span> <span class='ocrx_word' id='word_1_217' title='bbox 548 2894 641 2942; x_wconf 87' lang='lat' dir='ltr'>autem</span> <span class='ocrx_word' id='word_1_218' title='bbox 656 2882 716 2942; x_wconf 87' lang='lat' dir='ltr'>haec</span> <span class='ocrx_word' id='word_1_219' title='bbox 728 2883 762 2942; x_wconf 89' lang='lat' dir='ltr'>ad</span> <span class='ocrx_word' id='word_1_220' title='bbox 773 2894 801 2941; x_wconf 87' lang='lat' dir='ltr'>te</span> <span class='ocrx_word' id='word_1_221' title='bbox 812 2881 948 2953; x_wconf 88' lang='lat' dir='ltr'>scribam,</span> <span class='ocrx_word' id='word_1_222' title='bbox 964 2883 1060 2960; x_wconf 86' lang='lat' dir='ltr'>paucis</span> <span class='ocrx_word' id='word_1_223' title='bbox 1071 2884 1176 2961; x_wconf 84' lang='lat' dir='ltr'>accipe.</span> 
     </span>
     <span class='ocr_line' id='line_1_26' title="bbox 105 2980 1178 3068; baseline -0.004 -21"><span class='ocrx_word' id='word_1_224' title='bbox 105 2983 308 3068; x_wconf 86' lang='lat' dir='ltr'>Superioribus</span> <span class='ocrx_word' id='word_1_225' title='bbox 321 2983 421 3044; x_wconf 89' lang='lat' dir='ltr'>diebus</span> <span class='ocrx_word' id='word_1_226' title='bbox 436 3004 452 3042; x_wconf 89' lang='lat' dir='ltr'>a</span> <span class='ocrx_word' id='word_1_227' title='bbox 468 2980 633 3064; x_wconf 85' lang='lat' dir='ltr'>quibusdam</span> <span class='ocrx_word' id='word_1_228' title='bbox 647 2980 874 3042; x_wconf 82' lang='lat' dir='ltr'>adolescentibus</span> <span class='ocrx_word' id='word_1_229' title='bbox 888 2981 1024 3042; x_wconf 89' lang='lat' dir='ltr'>studiosis</span> <span class='ocrx_word' id='word_1_230' title='bbox 1039 2994 1178 3068; x_wconf 83' lang='lat' dir='ltr'>rogatus,</span> 
     </span>
     <span class='ocr_line' id='line_1_27' title="bbox 104 3080 1176 3165; baseline -0.002 -20"><span class='ocrx_word' id='word_1_231' title='bbox 104 3096 136 3144; x_wconf 86' lang='lat' dir='ltr'>nt</span> <span class='ocrx_word' id='word_1_232' title='bbox 147 3082 329 3161; x_wconf 85' lang='lat' dir='ltr'>Propertium</span> <span class='ocrx_word' id='word_1_233' title='bbox 338 3095 403 3155; x_wconf 91' lang='lat' dir='ltr'>aut,</span> <span class='ocrx_word' id='word_1_234' title='bbox 424 3082 447 3142; x_wconf 91' lang='lat' dir='ltr'>si</span> <span class='ocrx_word' id='word_1_235' title='bbox 465 3080 571 3142; x_wconf 91' lang='lat' dir='ltr'>nollem</span> <span class='ocrx_word' id='word_1_236' title='bbox 587 3082 680 3155; x_wconf 90' lang='lat' dir='ltr'>hunc,</span> <span class='ocrx_word' id='word_1_237' title='bbox 698 3080 807 3158; x_wconf 91' lang='lat' dir='ltr'>Papinii</span> <span class='ocrx_word' id='word_1_238' title='bbox 826 3081 923 3164; x_wconf 83' lang='lat' dir='ltr'>Sylvas</span> <span class='ocrx_word' id='word_1_239' title='bbox 939 3082 1060 3144; x_wconf 90' lang='lat' dir='ltr'>lectione</span> <span class='ocrx_word' id='word_1_240' title='bbox 1074 3084 1176 3165; x_wconf 87' lang='lat' dir='ltr'>quoti-</span> 
     </span>
     <span class='ocr_line' id='line_1_28' title="bbox 106 3179 1175 3265; baseline 0.001 -21"><span class='ocrx_word' id='word_1_241' title='bbox 106 3182 182 3244; x_wconf 86' lang='lat' dir='ltr'>diana</span> <span class='ocrx_word' id='word_1_242' title='bbox 198 3183 420 3265; x_wconf 78' lang='lat' dir='ltr'>interpretarer,</span> <span class='ocrx_word' id='word_1_243' title='bbox 438 3203 473 3241; x_wconf 90' lang='lat' dir='ltr'>ne</span> <span class='ocrx_word' id='word_1_244' title='bbox 491 3180 660 3242; x_wconf 87' lang='lat' dir='ltr'>desiderium</span> <span class='ocrx_word' id='word_1_245' title='bbox 682 3201 781 3241; x_wconf 88' lang='lat' dir='ltr'>eorum</span> <span class='ocrx_word' id='word_1_246' title='bbox 800 3179 972 3254; x_wconf 80' lang='lat' dir='ltr'>frustrarer,</span> <span class='ocrx_word' id='word_1_247' title='bbox 990 3183 1108 3263; x_wconf 85' lang='lat' dir='ltr'>promisi</span> <span class='ocrx_word' id='word_1_248' title='bbox 1129 3205 1175 3245; x_wconf 88' lang='lat' dir='ltr'>me</span> 
     </span>
     <span class='ocr_line' id='line_1_29' title="bbox 105 3279 1177 3363; baseline 0 -20"><span class='ocrx_word' id='word_1_249' title='bbox 105 3280 261 3356; x_wconf 63' lang='lat' dir='ltr'>iacturum</span> <span class='ocrx_word' id='word_1_250' title='bbox 278 3280 356 3362; x_wconf 92' lang='lat' dir='ltr'>quod</span> <span class='ocrx_word' id='word_1_251' title='bbox 369 3279 483 3341; x_wconf 88' lang='lat' dir='ltr'>vellent.</span> <span class='ocrx_word' id='word_1_252' title='bbox 499 3280 682 3361; x_wconf 86' lang='lat' dir='ltr'>Quapropter</span> <span class='ocrx_word' id='word_1_253' title='bbox 699 3303 787 3362; x_wconf 90' lang='lat' dir='ltr'>quum</span> <span class='ocrx_word' id='word_1_254' title='bbox 797 3302 962 3358; x_wconf 85' lang='lat' dir='ltr'>percurrere</span> <span class='ocrx_word' id='word_1_255' title='bbox 978 3282 1127 3363; x_wconf 86' lang='lat' dir='ltr'>coepissem</span> <span class='ocrx_word' id='word_1_256' title='bbox 1144 3283 1177 3343; x_wconf 85' lang='lat' dir='ltr'>id</span> 
     </span>
     <span class='ocr_line' id='line_1_30' title="bbox 106 3377 1173 3462; baseline 0.004 -25"><span class='ocrx_word' id='word_1_257' title='bbox 106 3401 192 3462; x_wconf 78' lang='lat' dir='ltr'>optas,</span> <span class='ocrx_word' id='word_1_258' title='bbox 213 3381 289 3461; x_wconf 81' lang='lat' dir='ltr'>quod</span> <span class='ocrx_word' id='word_1_259' title='bbox 301 3377 334 3437; x_wconf 86' lang='lat' dir='ltr'><em>V</em></span> <span class='ocrx_word' id='word_1_260' title='bbox 330 3381 428 3439; x_wconf 74' lang='lat' dir='ltr'>suellis</span> <span class='ocrx_word' id='word_1_261' title='bbox 439 3379 606 3457; x_wconf 83' lang='lat' dir='ltr'>impressum</span> <span class='ocrx_word' id='word_1_262' title='bbox 618 3388 661 3439; x_wconf 82' lang='lat' dir='ltr'>est</span> <span class='ocrx_word' id='word_1_263' title='bbox 670 3377 807 3459; x_wconf 89' lang='lat' dir='ltr'>quodque</span> <span class='ocrx_word' id='word_1_264' title='bbox 825 3378 878 3437; x_wconf 92' lang='lat' dir='ltr'>hos</span> <span class='ocrx_word' id='word_1_265' title='bbox 894 3390 989 3460; x_wconf 89' lang='lat' dir='ltr'>poetas</span> <span class='ocrx_word' id='word_1_266' title='bbox 1003 3380 1173 3446; x_wconf 84' lang='lat' dir='ltr'>clarissimos</span> 
     </span>
     <span class='ocr_line' id='line_1_31' title="bbox 105 3475 1173 3556; baseline 0 -18"><span class='ocrx_word' id='word_1_267' title='bbox 105 3476 253 3549; x_wconf 84' lang='lat' dir='ltr'>continet,</span> <span class='ocrx_word' id='word_1_268' title='bbox 273 3475 430 3548; x_wconf 73' lang='lat' dir='ltr'>comitum,</span> <span class='ocrx_word' id='word_1_269' title='bbox 452 3475 608 3548; x_wconf 82' lang='lat' dir='ltr'>Tibullum,</span> <span class='ocrx_word' id='word_1_270' title='bbox 628 3475 802 3556; x_wconf 80' lang='lat' dir='ltr'>Propertium</span> <span class='ocrx_word' id='word_1_271' title='bbox 818 3489 847 3535; x_wconf 87' lang='lat' dir='ltr'>et</span> <span class='ocrx_word' id='word_1_272' title='bbox 862 3478 962 3554; x_wconf 78' lang='lat' dir='ltr'>Sylous</span> <span class='ocrx_word' id='word_1_273' title='bbox 977 3500 986 3536; x_wconf 93' lang='grc'>.·</span> <span class='ocrx_word' id='word_1_274' title='bbox 1001 3488 1046 3538; x_wconf 91' lang='lat' dir='ltr'>tot</span> <span class='ocrx_word' id='word_1_275' title='bbox 1062 3477 1173 3538; x_wconf 84' lang='lat' dir='ltr'>mendis</span> 
     </span>
     <span class='ocr_line' id='line_1_32' title="bbox 104 3574 1170 3660; baseline 0 -22"><span class='ocrx_word' id='word_1_276' title='bbox 104 3576 237 3638; x_wconf 60' lang='grc' dir='ltr'>Μετιιιιιι</span> <span class='ocrx_word' id='word_1_277' title='bbox 253 3596 314 3636; x_wconf 88' lang='lat' dir='ltr'>esse</span> <span class='ocrx_word' id='word_1_278' title='bbox 330 3574 484 3656; x_wconf 88' lang='lat' dir='ltr'>deprendi,</span> <span class='ocrx_word' id='word_1_279' title='bbox 500 3589 532 3634; x_wconf 92' lang='lat' dir='ltr'>ut</span> <span class='ocrx_word' id='word_1_280' title='bbox 544 3575 630 3657; x_wconf 90' lang='lat' dir='ltr'>longe</span> <span class='ocrx_word' id='word_1_281' title='bbox 644 3576 724 3654; x_wconf 91' lang='lat' dir='ltr'>plura</span> <span class='ocrx_word' id='word_1_282' title='bbox 740 3588 835 3636; x_wconf 88' lang='lat' dir='ltr'>essent</span> <span class='ocrx_word' id='word_1_283' title='bbox 848 3577 949 3637; x_wconf 86' lang='lat' dir='ltr'>vitiosa</span> <span class='ocrx_word' id='word_1_284' title='bbox 966 3592 994 3639; x_wconf 90' lang='lat' dir='ltr'>et</span> <span class='ocrx_word' id='word_1_285' title='bbox 1009 3578 1170 3660; x_wconf 81' lang='lat' dir='ltr'>depravata,</span> 
     </span>
     <span class='ocr_line' id='line_1_33' title="bbox 102 3673 1172 3756; baseline 0.002 -22"><span class='ocrx_word' id='word_1_286' title='bbox 102 3696 184 3754; x_wconf 71' lang='lat' dir='ltr'>qum</span> <span class='ocrx_word' id='word_1_287' title='bbox 194 3695 262 3756; x_wconf 78' lang='lat' dir='ltr'>quae</span> <span class='ocrx_word' id='word_1_288' title='bbox 275 3674 428 3735; x_wconf 73' lang='lat' dir='ltr'>emendata.</span> <span class='ocrx_word' id='word_1_289' title='bbox 446 3673 549 3734; x_wconf 90' lang='lat' dir='ltr'>Nullus</span> <span class='ocrx_word' id='word_1_290' title='bbox 564 3686 640 3735; x_wconf 89' lang='lat' dir='ltr'>certe</span> <span class='ocrx_word' id='word_1_291' title='bbox 655 3695 755 3734; x_wconf 89' lang='lat' dir='ltr'>sensus</span> <span class='ocrx_word' id='word_1_292' title='bbox 769 3695 805 3735; x_wconf 83' lang='lat' dir='ltr'>ex</span> <span class='ocrx_word' id='word_1_293' title='bbox 820 3673 862 3734; x_wconf 91' lang='lat' dir='ltr'>his</span> <span class='ocrx_word' id='word_1_294' title='bbox 876 3673 939 3735; x_wconf 91' lang='lat' dir='ltr'>elici</span> <span class='ocrx_word' id='word_1_295' title='bbox 955 3689 1074 3753; x_wconf 84' lang='lat' dir='ltr'>poterat.</span> <span class='ocrx_word' id='word_1_296' title='bbox 1089 3676 1172 3738; x_wconf 89' lang='lat' dir='ltr'>Con-</span> 
     </span>
     <span class='ocr_line' id='line_1_34' title="bbox 103 3770 1172 3852; baseline 0.005 -20"><span class='ocrx_word' id='word_1_297' title='bbox 103 3770 195 3832; x_wconf 77' lang='lat' dir='ltr'>{estin</span> <span class='ocrx_word' id='word_1_298' title='bbox 214 3773 337 3834; x_wconf 87' lang='lat' dir='ltr'>conveni</span> <span class='ocrx_word' id='word_1_299' title='bbox 357 3770 515 3835; x_wconf 89' lang='lat' dir='ltr'>nonnullos</span> <span class='ocrx_word' id='word_1_300' title='bbox 532 3775 716 3852; x_wconf 89' lang='lat' dir='ltr'>impressores</span> <span class='ocrx_word' id='word_1_301' title='bbox 739 3784 768 3832; x_wconf 91' lang='lat' dir='ltr'>et</span> <span class='ocrx_word' id='word_1_302' title='bbox 792 3794 841 3833; x_wconf 87' lang='lat' dir='ltr'>eos</span> <span class='ocrx_word' id='word_1_303' title='bbox 859 3775 1023 3836; x_wconf 78' lang='lat' dir='ltr'>cohortatus</span> <span class='ocrx_word' id='word_1_304' title='bbox 1042 3800 1121 3851; x_wconf 90' lang='lat' dir='ltr'>sum,</span> <span class='ocrx_word' id='word_1_305' title='bbox 1139 3789 1172 3837; x_wconf 89' lang='lat' dir='ltr'>ut</span> 
     </span>
    </p>
   </div>
   <div class='ocr_carea' id='block_1_3' title="bbox 99 3870 1172 4265">
    <p class='ocr_par' dir='ltr' id='par_1_3' title="bbox 99 3870 1172 4265">
     <span class='ocr_line' id='line_1_35' title="bbox 101 3870 1171 3959; baseline 0.002 -22"><span class='ocrx_word' id='word_1_306' title='bbox 101 3870 204 3937; x_wconf 63' lang='lat' dir='ltr'>hum</span> <span class='ocrx_word' id='word_1_307' title='bbox 218 3874 249 3937; x_wconf 90' lang='lat' dir='ltr'>id</span> <span class='ocrx_word' id='word_1_308' title='bbox 263 3897 336 3953; x_wconf 90' lang='lat' dir='ltr'>opus</span> <span class='ocrx_word' id='word_1_309' title='bbox 352 3874 548 3958; x_wconf 87' lang='lat' dir='ltr'>imprimerent</span> <span class='ocrx_word' id='word_1_310' title='bbox 562 3896 594 3935; x_wconf 90' lang='lat' dir='ltr'>ea</span> <span class='ocrx_word' id='word_1_311' title='bbox 610 3874 813 3948; x_wconf 88' lang='lat' dir='ltr'>correctione,</span> <span class='ocrx_word' id='word_1_312' title='bbox 833 3898 917 3957; x_wconf 88' lang='lat' dir='ltr'>quam</span> <span class='ocrx_word' id='word_1_313' title='bbox 937 3878 1081 3959; x_wconf 85' lang='lat' dir='ltr'>pollicitus</span> <span class='ocrx_word' id='word_1_314' title='bbox 1098 3902 1171 3941; x_wconf 89' lang='lat' dir='ltr'>sum.</span> 
     </span>
     <span class='ocr_line' id='line_1_36' title="bbox 100 3975 1171 4061; baseline 0.001 -23"><span class='ocrx_word' id='word_1_315' title='bbox 100 3975 221 4039; x_wconf 84' lang='lat' dir='ltr'>Possum</span> <span class='ocrx_word' id='word_1_316' title='bbox 234 3977 326 4060; x_wconf 82' lang='lat' dir='ltr'>igitur</span> <span class='ocrx_word' id='word_1_317' title='bbox 337 3976 452 4061; x_wconf 81' lang='lat' dir='ltr'>gloriari</span> <span class='ocrx_word' id='word_1_318' title='bbox 467 3998 513 4038; x_wconf 88' lang='lat' dir='ltr'>rue</span> <span class='ocrx_word' id='word_1_319' title='bbox 525 3999 581 4037; x_wconf 85' lang='lat' dir='ltr'>uon</span> <span class='ocrx_word' id='word_1_320' title='bbox 591 3977 808 4050; x_wconf 78' lang='lat' dir='ltr'>rdeureudosse,</span> <span class='ocrx_word' id='word_1_321' title='bbox 827 3977 940 4053; x_wconf 75' lang='lat' dir='ltr'>sudsere</span> <span class='ocrx_word' id='word_1_322' title='bbox 951 3990 1037 4041; x_wconf 72' lang='lat' dir='ltr'>ronam</span> <span class='ocrx_word' id='word_1_323' title='bbox 1047 3982 1171 4060; x_wconf 78' lang='lat' dir='ltr'>exscrip-</span> 
     </span>
     <span class='ocr_line' id='line_1_37' title="bbox 99 4070 1171 4165; baseline 0.006 -29"><span class='ocrx_word' id='word_1_324' title='bbox 99 4077 191 4150; x_wconf 78' lang='lat' dir='ltr'>sisse,</span> <span class='ocrx_word' id='word_1_325' title='bbox 208 4089 243 4138; x_wconf 89' lang='lat' dir='ltr'>ut</span> <span class='ocrx_word' id='word_1_326' title='bbox 259 4078 322 4159; x_wconf 82' lang='lat' dir='ltr'>quis</span> <span class='ocrx_word' id='word_1_327' title='bbox 338 4078 512 4156; x_wconf 88' lang='lat' dir='ltr'>deprendere</span> <span class='ocrx_word' id='word_1_328' title='bbox 533 4077 641 4156; x_wconf 89' lang='lat' dir='ltr'>poterit</span> <span class='ocrx_word' id='word_1_329' title='bbox 656 4070 761 4139; x_wconf 90' lang='lat' dir='ltr'>collato</span> <span class='ocrx_word' id='word_1_330' title='bbox 782 4092 906 4162; x_wconf 90' lang='lat' dir='ltr'>utroque</span> <span class='ocrx_word' id='word_1_331' title='bbox 923 4083 1081 4165; x_wconf 82' lang='lat' dir='ltr'>exemplari.</span> <span class='ocrx_word' id='word_1_332' title='bbox 1102 4084 1171 4142; x_wconf 88' lang='lat' dir='ltr'>Sta-</span> 
     </span>
     <span class='ocr_line' id='line_1_38' title="bbox 100 4170 1172 4265; baseline 0.002 -25"><span class='ocrx_word' id='word_1_333' title='bbox 100 4185 210 4240; x_wconf 79' lang='lat' dir='ltr'>tnenm</span> <span class='ocrx_word' id='word_1_334' title='bbox 221 4189 316 4242; x_wconf 72' lang='lat' dir='ltr'>tamen</span> <span class='ocrx_word' id='word_1_335' title='bbox 330 4177 402 4240; x_wconf 91' lang='lat' dir='ltr'>nihil</span> <span class='ocrx_word' id='word_1_336' title='bbox 415 4177 527 4263; x_wconf 87' lang='lat' dir='ltr'>negotii</span> <span class='ocrx_word' id='word_1_337' title='bbox 541 4201 606 4242; x_wconf 86' lang='lat' dir='ltr'>cum</span> <span class='ocrx_word' id='word_1_338' title='bbox 621 4177 839 4262; x_wconf 90' lang='lat' dir='ltr'>impressoribus</span> <span class='ocrx_word' id='word_1_339' title='bbox 851 4180 970 4255; x_wconf 74' lang='lat' dir='ltr'>habere,</span> <span class='ocrx_word' id='word_1_340' title='bbox 990 4184 1066 4264; x_wconf 90' lang='lat' dir='ltr'>quod</span> <span class='ocrx_word' id='word_1_341' title='bbox 1078 4170 1106 4244; x_wconf 77' lang='lat' dir='ltr'>et</span> <span class='ocrx_word' id='word_1_342' title='bbox 1117 4182 1172 4265; x_wconf 91' lang='lat' dir='ltr'>ipsi</span> 
     </span>
    </p>
   </div>
   <div class='ocr_carea' id='block_1_4' title="bbox 0 0 1422 4996">
    <p class='ocr_par' dir='ltr' id='par_1_4' title="bbox 0 0 1422 4996">
     <span class='ocr_line' id='line_1_39' title="bbox 0 0 1422 4996; baseline 0 4"><span class='ocrx_word' id='word_1_343' title='bbox 0 0 1422 4996; x_wconf 95' lang='lat' dir='ltr'> </span> 
     </span>
    </p>
   </div>
  </div>
 </body>
</html>
