2834 4996
173 484 231 523 m
559 461 619 519 lte
648 461 844 521 TlBULLl

171 595 204 654 iu
217 590 341 655 lectione
357 591 454 653 moltis
473 592 505 652 in
522 591 623 653 loeisa
639 593 783 677 Scaliger-u
799 616 831 655 ac
845 593 1029 656 Bronlbusio
1044 595 1182 657 recessit:
1200 608 1234 657 ut

172 701 235 781 ejus
253 699 324 760 adeo
340 699 496 763 editionem
515 699 634 761 lundnm
655 713 764 763 nostroe
785 700 875 763 faeere
896 703 1058 763 consultum
1080 703 1233 767 videretur.

171 799 252 860 ldenr
262 798 399 860 variantes
410 798 547 862 lectiones
560 821 593 860 ex
602 799 793 880 Foroiuliensi
806 800 895 861 lllSto
908 801 1008 863 codice
1020 802 1232 874 Gnarueriano,

172 880 353 958 bibliothecae
379 898 411 957 S.
435 896 575 970 Danielis,
600 897 811 957 membranaceo
835 896 931 957 saeculi
954 898 1008 956 XV
1027 896 1233 979 elegantissime

171 997 296 1074 scripto,
311 1010 455 1079 excerptas
465 996 599 1058 editionis
611 1020 671 1058 suae
682 997 780 1074 primis
792 996 900 1080 paginis
912 996 1032 1057 inseruit
1044 1019 1051 1055 τ
1065 1020 1131 1079 quie
1141 1010 1234 1058 tamen

171 1117 232 1157 uon
247 1108 316 1156 sunt
329 1098 402 1158 adeo
417 1097 512 1180 magni
526 1095 680 1169 momenti,
697 1094 748 1156 sed
759 1094 867 1176 ubique
877 1116 942 1154 cunr
958 1095 1060 1156 ceteris
1069 1095 1149 1156 libris
1161 1119 1233 1158 con·
1252 1129 1256 1137 ·

171 1194 299 1258 veniunt.
311 1223 326 1252 s

215 1323 231 1352 α
239 1299 419 1357 versaverarr
431 1295 500 1356 olim
511 1295 659 1378 (Hepnius
671 1306 715 1355 est
727 1293 777 1375 qui
785 1293 950 1374 loquitur),
965 1315 1054 1374 quum
1064 1293 1098 1353 ad
1109 1295 1235 1371 priorem

171 1394 367 1457 recensionem
377 1393 553 1468 aenederem,
569 1404 600 1453 et
612 1390 795 1476 diligentius,
811 1413 894 1474 quam
904 1411 975 1469 opus
988 1389 1065 1452 forte
1077 1405 1151 1464 erat,
1163 1415 1236 1453 eno-

172 1509 294 1556 tarem
309 1493 413 1553 librum
434 1494 572 1570 scriptum
586 1493 616 1551 in
632 1493 799 1553 bibliotheca
814 1504 876 1553 tom
895 1493 985 1570 Regn'n
1002 1492 1091 1562 (unde
1106 1495 1236 1553 &stiones

172 1595 217 1654 bn
231 1593 318 1670 Regii
334 1591 439 1651 tuditis
460 1590 579 1651 nomine
601 1590 785 1672 designataea
805 1612 851 1652 me
872 1595 958 1667 sunt)
983 1613 1060 1652 nune
1082 1592 1238 1653 Electorali

171 1688 294 1762 Duedi,
308 1711 374 1767 quae
390 1686 509 1747 Dresdte
522 1697 582 1758 est,
595 1698 744 1748 servatum.
758 1685 844 1747 Liber
858 1687 906 1747 ille
918 1688 1150 1768 quaternionibus
1162 1711 1237 1749 eon-

172 1798 253 1869 stat,
263 1783 353 1847 nitide
369 1795 401 1846 et
416 1805 476 1844 non
497 1783 699 1865 indiligenter,
722 1785 828 1846 saecnlo
851 1785 906 1844 XV
927 1797 1051 1846 exaratus
1071 1807 1079 1844 ι
1099 1808 1163 1846 nam
1182 1789 1236 1868 jam

172 1884 311 1947 insititios
322 1884 473 1960 sarepta,
490 1882 539 1964 qui
552 1883 624 1944 circa
637 1885 698 1965 ejus
709 1883 806 1945 saeculi
818 1882 898 1944 initia
908 1884 994 1958 vixit,
1008 1904 1105 1948 uersus
1117 1886 1238 1946 exhibet

174 1986 335 2059 Catullum,
350 1983 499 2045 Tibullum
509 1997 538 2045 et
552 1985 734 2062 Propertium
749 1984 894 2058 continet,
913 2007 972 2046 nun
992 2005 1073 2059 raro,
1092 1986 1171 2066 quod
1187 1986 1237 2046 in-

172 2085 272 2162 primis
285 2084 318 2144 in
332 2084 488 2144 nouissimo
503 2095 589 2164 poeta
601 2082 726 2155 luctum,
745 2082 827 2144 docta
839 2105 924 2144 manu
934 2083 1104 2145 emendatos.
1117 2085 1152 2143 ln
1162 2085 1237 2145 calce

174 2194 235 2254 haec
255 2193 410 2274 leguntur:
435 2218 450 2244 ι
461 2192 561 2250 Embrs
576 2212 630 2272 per
651 2215 695 2251 me
709 2191 843 2251 Jusonem
862 2192 897 2252 de
914 2194 1024 2271 Moyseo
1040 2175 1096 2251 diro
1108 2176 1158 2250 ἦ
1169 2213 1235 2272 sep·

174 2294 328 2368 nogesimo
344 2310 416 2348 trono
433 2310 517 2369 super
540 2290 683 2348 millenum
704 2299 957 2370 quatercentenum.
983 2288 1104 2350 Dente
1123 2292 1239 2372 septinto

174 2384 238 2459 llus
268 2400 400 2459 Octobres
421 2400 532 2457 circiter
557 2398 693 2458 decimam
717 2412 844 2459 oclooom
871 2399 977 2458 bor-arn.
996 2424 1012 2453 o
1055 2399 1104 2459 Ab
1127 2401 1184 2461 boc
1203 2400 1238 2460 de

174 2500 324 2582 Mayndad
331 2498 491 2561 Fabricium
499 2499 755 2574 Cbemnitieusem,
769 2512 798 2559 et
806 2522 870 2560 cum
879 2499 963 2584 hujus
974 2500 1147 2579 supellectile
1158 2500 1240 2562 libra-

174 2604 215 2663 ria
234 2603 268 2661 in
285 2600 483 2662 bibliotheoem
498 2601 691 2661 Dresdensem
713 2601 801 2662 codex
823 2600 847 2661 is
872 2602 1010 2684 pervenit.
1032 2604 1103 2665 Non
1124 2602 1240 2685 quidem

174 2703 262 2764 multa
272 2700 405 2762 notabilia
419 2701 451 2760 in
464 2713 558 2778 poetae
573 2701 715 2775 lectione,
734 2714 783 2762 aut
797 2702 934 2788 avulgata
948 2702 1072 2776 diverm
1088 2701 1239 2781 offereba13

176 2800 329 2863 nonnullas
344 2799 587 2862 tamentationes
602 2799 686 2860 unius
701 2799 745 2860 rel
755 2823 907 2877 paucorum
924 2801 1063 2863 libr0rum
1073 2801 1241 2863 anctoritate

176 2901 306 2962 subnixas
321 2924 375 2963 suo
391 2898 525 2982 suffragio
542 2898 733 2959 confirmabat.
752 2898 828 2958 Illud
844 2899 959 2961 veroin
975 2921 1010 2960 eu
1033 2900 1162 2979 inprimis
1185 2921 1241 2959 me

176 3000 329 3072 inmobile,
346 2999 426 3080 quod
439 3022 537 3061 versus
552 2995 686 3058 insititios
702 2997 938 3079 interpolatorum
956 3000 1072 3061 nomine
1087 3012 1240 3063 notaverat.

177 3099 268 3161 Libro
282 3100 315 3172 l,
332 3099 404 3177 eleg.
420 3114 462 3169 u,
480 3111 546 3175 post
562 3122 587 3160 v.
606 3100 660 3173 al,
675 3099 762 3183 vulgo
777 3098 911 3159 inseritur
923 3099 1082 3174 distichon,
1100 3099 1178 3181 quod
1192 3098 1241 3159 ille

178 3218 243 3259 eum
259 3195 366 3278 duplici
379 3206 557 3272 pentametro
572 3197 737 3259 exhibebat:
957 3284 984 3332 x

340 3373 382 3425 En
395 3386 441 3442 ego
452 3389 510 3422 eum
521 3367 627 3421 tenebris
639 3381 690 3421 tota
700 3391 779 3442 vagor
791 3373 879 3425 anxins
888 3373 962 3437 urbe,
985 3336 988 3341 ·

375 3461 497 3525 Presidio
511 3460 590 3512 noetis
600 3459 681 3511 sentio
695 3459 779 3512 adesse
794 3462 874 3514 deam.

377 3554 501 3608 Seuerum
510 3551 538 3604 in
549 3550 657 3604 tenebris
667 3570 707 3603 me
719 3551 778 3605 lauit
789 3570 839 3605 esse
852 3552 950 3605 Venus.

182 3732 230 3793 Ad
245 3734 369 3811 priorem
379 3743 584 3809 pentametrum
593 3729 766 3806 adscriptum
777 3740 836 3789 erat
848 3751 855 3787 ε
867 3729 977 3788 'Seneca
991 3730 1034 3787 sic
1043 3729 1179 3810 supplevit
1186 3751 1198 3799 ;
1216 3742 1244 3788 et

181 3830 216 3892 ed
230 3831 368 3892 alterum:
381 3832 508 3912 Aun'spu
522 3850 588 3891 uero
598 3831 649 3888 sic.
663 3830 755 3890 Porro
768 3828 832 3889 Lib.
843 3830 891 3902 ll,
907 3827 978 3911 eleg.
991 3844 1046 3902 111,
1059 3839 1127 3909 post
1140 3853 1168 3891 v.
1190 3853 1242 3912 17,

183 3932 317 3995 inseritur
328 3954 334 3990 :

176 4098 180 4103 ¹
349 4106 404 4177 lpse
415 4103 476 4155 deus
487 4101 573 4155 solitus
585 4102 687 4155 stabulis
699 4103 819 4176 erpellere
831 4122 929 4169 raeces,

300 4166 304 4197 Ι
380 4194 498 4248 Creditur
507 4193 541 4248 ad
551 4192 683 4249 mulctram
696 4193 849 4247 constituisse
861 4184 941 4268 prius-¹
