2806 5002
179 428 245 510 xviij
443 424 699 489 rnmrarro
726 427 963 491 rotronis

175 561 349 634 doctorum
366 575 533 658 quotquot
550 558 619 631 dixi
637 558 785 632 virormu
802 557 933 634 labores
949 560 1103 649 adhibui,
1126 582 1205 637 nota

174 700 356 775 qucquam
378 673 557 773 plurimas,
583 676 724 776 proprio
745 703 785 748 en
811 675 1080 763 sumebamus,
1104 679 1204 753 addid

173 787 301 863 nullum
316 788 427 862 locum
437 789 628 889 preteriens
641 789 723 891 quin
734 817 839 862 meam
852 790 958 889 ipsius
972 792 1168 865 sententiam
1183 793 1202 867 d

171 903 369 978 claraverim.
392 904 532 979 Codices
549 905 632 978 mibi
652 904 777 1004 ubique
794 903 900 978 fulcro
923 907 1071 1007 sumpsi,
1093 936 1156 982 nec
1171 938 1200 982 m

172 1048 270 1121 qnam
281 1021 325 1094 ab
340 1050 453 1096 eorum
465 1021 660 1094 auctoritate
671 1021 823 1095 recedere
832 1049 933 1095 ausus
943 1051 1028 1095 sum.
1039 1024 1162 1096 Verum
1173 1054 1198 1111 ,t

169 1139 350 1233 ingeniosis
366 1136 649 1211 emendationibus
663 1163 808 1222 careres,
832 1135 953 1225 lector,
975 1166 1057 1246 quas
1075 1139 1197 1212 Heinsi

120 1328 124 1338 ,
170 1251 334 1352 precipue
351 1269 383 1324 et
399 1253 442 1324 Η.
458 1253 555 1324 Voss.
571 1249 694 1351 passim
710 1248 915 1338 adtulerunt,
933 1251 1023 1324 notis
1036 1251 1196 1324 inseruim

170 1367 391 1466 quodcunque
416 1383 508 1439 textu
525 1365 642 1465 procul
669 1393 740 1439 esse
758 1366 942 1440 statuimus.
963 1368 1073 1442 Vitam
1096 1368 1194 1442 omnir

168 1477 375 1552 reficiendam
401 1480 602 1566 censuimus,
631 1479 760 1576 egregia
787 1479 1017 1554 dissertatione
1036 1481 1104 1566 usi,
1136 1510 1193 1582 qua

167 1620 221 1665 an.
251 1591 342 1692 1819
361 1592 463 1667 edidit
487 1593 607 1695 Lipsiae
630 1612 688 1668 Π.
715 1615 746 1667 Δ.
765 1611 862 1682 curt.
880 1595 1020 1681 smus,
1042 1595 1137 1694 cujus
1154 1622 1192 1697 pr

166 1708 269 1783 altera
293 1709 387 1784 valde
412 1711 637 1797 desideratur,
663 1738 771 1812 neque
794 1712 953 1786 tamenin
976 1711 1130 1786 omuibus
1153 1712 1191 1786 br

167 1825 267 1900 docto
279 1825 350 1899 viro
365 1827 599 1900 consentimus.
615 1829 785 1901 Excursus
797 1824 1038 1927 mythologicos
1052 1827 1190 1927 quosdar

169 1970 208 2016 ex
232 1941 372 2017 illustris
396 1942 563 2018 Creutzeri
591 1940 788 2042 symbolica,
814 1941 986 2016 maximam
1006 1959 1152 2041 partun,
1176 1971 1189 2018 e

160 2061 356 2160 cerpsimus.
375 2060 478 2156 Quod
491 2059 534 2132 ad
553 2058 693 2132 indicem
709 2058 855 2158 pertinet
870 2059 927 2159 qui
947 2060 1068 2161 lleynii
1085 2060 1188 2159 primu

165 2193 254 2261 erat,
279 2175 397 2249 deinde
421 2174 583 2247 Huscblrii
604 2172 741 2246 editioni
764 2173 908 2247 insertus
927 2192 990 2261 est,
1012 2203 1101 2250 nunc
1117 2177 1187 2250 dem

162 2290 320 2363 immensa
338 2316 437 2390 opera
459 2307 575 2362 auctus
596 2288 633 2361 in
654 2287 758 2362 lucem
774 2288 896 2390 prodit
913 2292 1024 2362 Unum
1039 2289 1149 2364 adbuc
1172 2319 1186 2366 s

164 2424 293 2504 perest,
305 2406 347 2479 de
361 2434 428 2506 quo
439 2425 472 2480 te
482 2405 646 2479 monitum
660 2433 730 2478 esse
741 2403 855 2490 velim;
872 2405 900 2478 si
912 2423 945 2479 te
956 2403 1084 2489 Tibulli
1096 2404 1185 2501 teg·

164 2519 361 2594 desiderium
375 2539 480 2609 tenet,
496 2539 620 2595 textum
635 2548 788 2621 sequere,
802 2520 898 2593 unice
912 2538 1054 2610 textum,
1069 2540 1184 2623 preter

163 2634 263 2723 nibil;
280 2638 422 2712 editores
434 2665 546 2711 omnes
557 2637 667 2733 abige,
683 2636 739 2737 qui
749 2652 881 2738 poetam
894 2638 1051 2712 mendosa
1062 2637 1183 2739 scriptu

163 2770 318 2841 onerant,
334 2769 367 2826 et
382 2751 520 2826 barbare
537 2749 629 2851 loqui
643 2749 808 2825 interdum
823 2767 962 2845 cogunt;
978 2749 1121 2852 denique

322 2909 365 2960 Mc
377 2928 480 2980 quoque
490 2921 601 2973 serrato,
615 2920 699 2982 peccet
712 2921 741 2959 ut
752 2909 798 2960 itte
811 2908 895 2962 miuus
903 2913 919 2958 ¹.

198 3137 206 3165 ¹
223 3133 280 3186 nn.
293 3135 347 3186 nn.
361 3136 389 3200 1,
405 3135 444 3186 n.
458 3153 537 3198 vm.
556 3139 592 3188 rs.
