2834 4996
267 474 535 542 conminus
560 474 622 536 ur
647 475 979 539 nn1r10n1nus.
1104 476 1163 560 nnj

132 608 300 673 Editionem
318 610 424 670 Mureti
444 606 543 681 1558,
562 619 701 670 memorat
718 627 832 690 quoque
852 607 984 692 Heynius
1003 628 1069 671 cum
1090 610 1164 671 varia

100 712 216 774 lectione
233 710 264 770 in
278 709 405 793 margine
416 713 476 771 Jac.
490 708 580 770 Tollii
593 731 677 769 manu
692 719 811 785 notata,
825 731 870 769 an.
886 706 979 792 1674,
992 711 1034 770 Μ.
1049 710 1165 772 decem-

99 812 154 885 bri,
170 822 206 873 nt
220 810 251 873 in
264 810 362 873 fronte
377 811 576 893 praescriptum
587 819 656 869 erat.
669 805 803 885 Triplicis
816 827 849 869 ea
861 819 921 869 erat
933 808 1056 893 generis.
1066 810 1166 871 Primo

100 912 158 975 ioco
173 933 189 973 e
201 911 326 973 Gerardi
337 909 509 995 Faleoburgi
521 907 694 991 Noviomagi
708 907 807 969 codice
820 907 1034 991 transcripserat
1044 922 1126 972 nous
1137 923 1168 971 et

100 1015 275 1095 ennjecturas
291 1013 377 1074 Lucre
394 1009 533 1084 Fruterii‚
556 1029 642 1090 quem
658 1007 772 1069 Parisiis
792 1027 830 1069 na
847 1006 940 1068 martii
961 1005 1039 1068 1565
1062 1009 1167 1070 obiisse

101 1110 281 1173 subnotatum
301 1122 369 1171 erat.
396 1108 559 1188 Adscriptse
575 1108 664 1169 altero
687 1107 753 1170 loco
772 1107 856 1170 varire
876 1105 1013 1168 lectiones
1032 1107 1169 1169 editionis

100 1212 247 1296 Regiensis
272 1208 368 1287 ldssls
385 1211 508 1293 vulgatus
531 1213 585 1292 jam
609 1221 676 1270 sunt
696 1231 712 1269 a
730 1208 924 1271 Broukhusio.
944 1208 1046 1271 Tertio
1067 1209 1133 1272 loco
1151 1232 1168 1270 a

101 1311 194 1373 Tollio
208 1311 339 1373 subtexta
351 1310 500 1371 videbatur
507 1311 582 1372 raris
593 1308 691 1385 lectio,
705 1330 789 1391 quam
798 1331 831 1370 ex
841 1308 967 1372 editione
977 1308 1168 1372 vetustissimi

102 1411 198 1488 inte,
213 1409 347 1473 biblioth.
362 1410 458 1494 Lugd.
474 1431 505 1470 se
520 1408 699 1489 descripsisse
714 1408 773 1482 ait,
797 1409 888 1470 littera
902 1413 930 1471 Κ
945 1410 1092 1492 signatam.
1104 1411 1168 1469 Ve-

103 1534 159 1572 rum
172 1512 238 1573 baec
252 1510 325 1571 nibil
335 1510 412 1571 aliud
429 1509 577 1572 continere
589 1509 718 1584 videtur,
737 1530 819 1591 quam
832 1530 880 1583 ea,
898 1532 961 1591 quse
972 1510 1168 1572 Brouithusius
1232 1563 1236 1569 .

103 1610 172 1673 inter
182 1610 373 1672 Heiusianum
383 1622 546 1689 apparatum
557 1608 610 1670 sub
621 1592 714 1670 littera
721 1610 760 1682 V,
774 1630 810 1669 ex
820 1608 968 1687 exemplari
982 1609 1089 1687 scripto
1102 1611 1167 1671 Sca-

104 1710 199 1798 igni,
216 1712 325 1772 menti
343 1710 460 1783 codice,
476 1711 508 1770 in
524 1710 616 1770 lucem
631 1709 729 1770 edidit.

140 1819 188 1877 Ex
200 1816 373 1878 editionibus
388 1814 491 1898 quibus
508 1814 636 1876 virorum
652 1815 804 1885 doctorum
821 1827 900 1878 notae
914 1815 1063 1895 adscriptae
1080 1829 1168 1890 sunt,

104 1929 208 1996 praettr
221 1936 265 1978 eas
281 1938 349 1999 quas
366 1915 497 1999 Heynius
510 1926 676 1992 enumeret,
689 1914 734 1975 bae
747 1914 830 1976 nobis
846 1913 1046 1977 innotuerunt.

142 2019 180 2077 In
190 2016 245 2080 viri
253 2017 296 2077 ili.
307 2018 341 2076 de
351 2018 432 2078 Dim
443 2015 532 2095 copiis
542 2028 686 2098 apparatus
698 2015 813 2077 criticus
826 2027 885 2076 erat
897 2016 927 2076 in
938 2014 1100 2090 Tibullum,
1111 2015 1168 2075 edi·

105 2118 253 2200 tionesque
265 2118 446 2179 Sentenianae
459 2116 661 2191 bibliothecae,
679 2118 780 2198 quibus
791 2114 905 2178 Heinsii
922 2116 1167 2198 Brourkbusiique

107 2245 185 2285 manu
192 2222 342 2301 adscriptae
349 2233 430 2285 erant
437 2221 648 2286 observationes
657 2223 916 2294 etemendationes3
926 2221 1170 2284 iisJoh.H.Voss.

106 2322 134 2383 in
150 2322 278 2385 editione
295 2345 346 2384 sua
361 2345 471 2402 supraa
487 2323 571 2385 nobis
585 2336 738 2386 memorata
750 2346 818 2384 usus
833 2335 885 2384 est.
903 2322 1064 2384 Continent
1077 2335 1171 2384 autem

106 2433 208 2506 preter
223 2444 255 2484 ea
269 2445 333 2504 quse
348 2434 416 2493 sunt
425 2423 555 2508 evulgata
568 2423 602 2483 ab
617 2424 704 2502 ipsis,
721 2423 793 2485 nihii
805 2422 962 2507 quidquam
978 2425 1057 2507 cujus
1073 2424 1110 2484 sit
1120 2424 1170 2485 aii-

105 2524 182 2605 quod
190 2522 325 2601 pretium.
337 2522 419 2583 Idem
430 2524 459 2582 J.
469 2525 510 2582 H.
521 2525 605 2585 Voss.
617 2524 808 2608 Gryphianum
821 2524 949 2585 adhibuit
959 2524 1113 2586 editionem
1124 2546 1169 2584 an.

108 2618 199 2696 1561,
216 2644 283 2683 cum
300 2621 383 2682 variis
405 2620 574 2684 lectionibus
593 2645 627 2683 ex
649 2624 714 2684 cod.
736 2636 765 2684 et
788 2625 843 2685 vei.
864 2626 933 2685 edit.
954 2624 1085 2704 Denique
1104 2646 1169 2704 quse

103 2733 210 2784 nunu
224 2734 304 2783 erant
316 2742 332 2782 a
345 2721 417 2783 Job.
431 2720 608 2795 Schradero‚
627 2744 690 2803 quae
705 2743 722 2781 a
734 2725 898 2784 Burmanno
913 2724 1035 2804 majore,
1048 2722 1171 2802 diligen-

103 2820 163 2881 tins
174 2823 364 2883 aBurmanno
375 2820 501 2882 secundo
513 2831 635 2881 scrutata
643 2820 678 2881 ad
687 2832 796 2884 textum
805 2821 910 2882 rectius
921 2820 1169 2893 constituendum,

106 2918 143 2981 iis
157 2932 284 2982 usnsen
300 2923 343 2981 Η.
357 2921 485 2983 Vossius.
704 2920 706 2925 ’
