2834 4996
330 437 652 507 ELEGIARUM
673 438 771 506 LIB.
802 441 832 505 1.
860 440 1005 507 ELEG.
1024 441 1077 507 11.
1193 465 1236 531 29

168 580 221 651 Et
238 595 269 652 te
290 576 368 650 dum
386 577 479 651 liceat
498 579 617 652 teneris
633 578 774 650 retinere
791 574 941 663 lacertis,
1207 599 1239 670 75

225 693 341 766 Mollis
357 693 392 766 in
410 692 534 767 inculta
549 694 593 767 sit
609 693 690 766 mibi
707 720 843 765 somnus
858 691 972 765 humo.

173 808 271 905 Quid
287 810 389 910 Tyrio
407 811 563 884 recubare
581 827 656 885 toro
674 809 744 884 sine
761 837 871 883 amore
890 809 1033 883 seeundo

225 927 386 1011 Prodest,
405 956 507 1027 quum
522 926 601 1000 ssetn
618 954 684 999 nox
698 924 863 1021 vigilanda
880 925 996 999 venit?

173 1043 261 1114 Nam
280 1069 389 1141 neque
405 1059 475 1148 tum
493 1039 630 1142 pluma,
647 1067 708 1115 nee
725 1039 869 1135 stragula
886 1040 974 1140 picta
991 1067 1160 1144 soporem,

225 1160 296 1232 Nee
313 1156 443 1231 sonitus
460 1155 595 1259 placidae
612 1157 730 1231 ducere
748 1155 855 1258 possit
871 1184 973 1257 aquae.
1207 1181 1240 1232 ao

174 1277 265 1349 Num
283 1277 420 1351 Veneris
435 1303 560 1371 magna
577 1273 696 1349 violavi
712 1274 848 1349 numina
862 1273 984 1363 verbo,

225 1395 272 1466 Et
287 1422 358 1468 mea
373 1422 461 1467 nunc
478 1420 593 1494 poenas
608 1390 709 1493 impia
726 1388 838 1485 lingua
854 1389 944 1463 tuit?

176 1565 234 1614 xv,
252 1568 320 1602 vers.
336 1570 348 1617 7
364 1569 371 1601 :
385 1570 398 1593 α
414 1547 475 1602 Sola
489 1548 557 1614 eris,
575 1557 602 1600 et
618 1547 686 1601 solos
733 1547 836 1617 reperio
851 1566 857 1599 :
870 1549 989 1600 assumsit
998 1566 1056 1601 eam
1072 1546 1243 1604 Pulmannus.

175 1626 304 1695 spectabis
317 1624 414 1697 Cyntia
426 1636 536 1679 montes.
549 1647 562 1671 ι
736 1626 772 1678 Η.
780 1655 812 1664 -
822 1627 882 1679 Hoc
892 1626 1118 1696 peperitconfusio
1126 1627 1243 1681 adverbii

211 1710 251 1773 75.
271 1705 309 1757 Et
320 1714 346 1756 te
360 1707 419 1757 dum
433 1715 483 1757 etc.
496 1706 533 1757 H.
548 1705 623 1756 Voss.
635 1722 687 1757 no·
733 1722 807 1770 quum
820 1714 847 1757 et
860 1723 915 1756 caru
928 1705 1134 1774 praepositionis,
1147 1724 1204 1775 que
1216 1715 1243 1759 et

176 1799 239 1834 rem
251 1781 294 1834 bic
310 1774 400 1835 statuit
414 1781 572 1834 mummium
591 1781 686 1851 incipi,
734 1779 813 1832 bodie
826 1779 918 1834 iisdem
931 1781 1023 1836 litteris
1034 1783 1132 1836 exarari
1141 1783 1240 1848 solent,

176 1878 291 1929 eamque
313 1879 345 1912 ex
363 1859 453 1912 animo
473 1860 603 1929 precantis
616 1878 622 1911 :
636 1878 687 1926 qua
739 1877 795 1910 non
806 1859 862 1911 siue
877 1859 968 1912 crebra
984 1858 1128 1929 legentium
1140 1861 1243 1915 hesita-

176 1949 289 2009 propter
295 1938 323 1991 io
332 1949 433 1992 textum
442 1938 545 1992 intulit:
557 1940 581 1991 0
591 1949 617 1991 te
628 1940 687 1990 dem
737 1936 816 1989 tione.
828 1936 976 1990 Bnoucxn.

175 2021 271 2069 teneris
293 2020 378 2068 liccat,
402 2015 518 2069 Favente
542 2013 686 2068 Frenselio.
771 2015 933 2085 79.Soporens
945 2016 1242 2071 ducereetc.Addrteere

178 2092 307 2159 Librarii,
326 2094 361 2146 ait
379 2092 485 2146 illustris
508 2092 549 2146 ille
573 2093 633 2158 vir,
652 2093 686 2146 ob
735 2112 873 2160 somnum,
886 2093 1032 2148 conciliare.
1043 2095 1110 2148 Hor.
1121 2097 1164 2151 lib.
1177 2098 1245 2168 Epo

178 2183 335 2242 corruptum
355 2176 384 2224 sr'
400 2171 533 2240 superiore
557 2169 686 2237 disticho,
736 2172 789 2225 don
814 2189 873 2239 xrv,
890 2193 924 2226 vs.
943 2175 1009 2226 δικ
1025 2174 1123 2228 Pocula
1137 2174 1243 2231 lethem

178 2248 398 2302 exclamationem
414 2249 438 2300 0
452 2249 480 2301 in
493 2258 519 2300 et
529 2247 689 2302 immutare·
736 2261 766 2303 ut
775 2250 795 2302 si
804 2249 926 2304 ducentia
934 2270 1048 2317 somnos,
1058 2253 1157 2306 Arente
1169 2253 1244 2308 lance

179 2336 260 2393 runt,
280 2328 411 2396 juncturae
426 2325 527 2379 mederi
538 2326 688 2395 cupienten
737 2328 897 2380 traxerim.»
909 2329 988 2382 Hanc
1006 2329 1163 2383 locutionem
1180 2331 1244 2383 illu-

180 2403 227 2459 sed
241 2417 268 2459 et
276 2404 406 2474 superiori
420 2405 590 2473 sequentique
603 2403 689 2458 versui
736 2407 826 2459 stravit
838 2406 1003 2471 Gronovius,
1022 2409 1132 2463 Observ.
1144 2411 1187 2464 lib.
1201 2412 1242 2479 ΙΙ,

179 2479 353 2551 inestzitaque
362 2481 394 2534 ab
401 2481 689 2551 elegantioresermone
739 2502 793 2551 cap.
810 2504 830 2535 r.
845 2484 918 2538 Vide
931 2485 1011 2538 etiam
1022 2486 1140 2541 Marcelli
1153 2487 1243 2542 Dona·

180 2557 317 2627 dmum,
340 2559 383 2613 iric
405 2578 509 2628 quoque
531 2559 689 2628 interpolari.
738 2560 758 2611 ti
768 2559 975 2616 Dilucidationes
988 2563 1113 2618 Livianae.
1197 2560 1199 2564 Α

180 2637 333 2692 fluentius
342 2638 464 2691 Vossium
474 2637 583 2705 refellit,
594 2639 689 2707 quippe
770 2643 810 2694 81.
820 2643 885 2694 Num
903 2645 1006 2695 eris
1018 2663 1113 2710 magne
1124 2654 1172 2697 etc.
1184 2644 1243 2697 Hoc

180 2715 228 2784 qui
239 2716 456 2770 emendationem
469 2716 589 2770 inutilem
600 2717 690 2769 attule·
739 2718 891 2773 distichona
905 2721 1037 2790 Scaligero
1048 2733 1074 2775 et
1087 2743 1100 2775 a
1112 2722 1243 2777 Brouckb.

182 2796 227 2848 rit.
237 2795 330 2864 Neque
342 2797 369 2850 in
381 2796 504 2850 omnibus
512 2797 584 2849 libris
595 2795 691 2864 legitur
739 2797 767 2850 in
781 2799 900 2866 quintam
919 2798 1038 2866 Elegiam
1059 2819 1119 2853 cum
1139 2801 1246 2870 reliquis

182 2884 223 2932 et,
233 2891 312 2925 versu
324 2875 408 2943 7tiqui
420 2875 586 2943 subsequitur
598 2873 625 2926 in
636 2874 691 2942 qui·
740 2876 908 2944 sequentibus
924 2876 1068 2946 relegatum
1087 2878 1119 2930 ab
1138 2878 1246 2950 lleynin

182 2947 297 3003 busdam
305 2953 414 3006 occurrit
424 2952 551 3017 lectio,1'e
562 2954 647 3013 eadm·
662 2952 690 3003 in
740 2973 803 3005 vern
821 2953 854 3006 ab
869 2953 1082 3009 antecedentibus
1099 2956 1246 3026 sejungitur

184 3029 315 3085 Statianis
324 3052 401 3099 vero,
414 3035 443 3086 in
456 3032 586 3085 Vaticano
597 3051 692 3085 secun·
741 3051 789 3101 ope
797 3031 989 3098 asteriscorum,
998 3035 1069 3101 quasi
1079 3035 1169 3087 lacuna
1177 3055 1246 3106 que·

180 3107 253 3163 doet
261 3110 290 3162 iu
300 3109 354 3165 aliis
362 3111 457 3165 adsunt
466 3111 544 3164 verba
552 3113 691 3162 inocculta.
741 3108 802 3162 dam
813 3109 991 3163 intercidisset.
1001 3111 1072 3164 Nihil
1088 3125 1177 3166 tamen
1187 3133 1247 3167 me-

184 3187 229 3244 ste
239 3209 348 3260 quoque
364 3188 476 3244 Ovidius
487 3189 514 3242 in
529 3189 594 3242 Arte
605 3206 693 3242 amen·
740 3188 789 3242 lius
802 3188 934 3257 procedit,
952 3208 1030 3257 quarn
1051 3193 1130 3245 totius
1148 3191 1247 3261 Elegia

185 3267 225 3334 di,
246 3268 290 3322 lib.
305 3268 351 3334 ll,
372 3288 437 3322 vers.
459 3270 515 3334 5²4.
526 3290 539 3312 u
558 3266 652 3320 Perler
664 3266 691 3319 in
740 3287 837 3320 sensus.
860 3268 958 3333 Poeta,
973 3269 1016 3336 qui
1034 3270 1114 3323 modo
1130 3269 1247 3325 ferreum

184 3345 323 3400 immunda
343 3365 442 3416 ponere
459 3365 553 3414 corpus
572 3345 661 3397 humo.
679 3367 692 3390 υ
741 3345 1247 3419 illumvirumstultitieineusabat,quod

186 3421 291 3477 Crebro
302 3424 372 3492 apud
389 3433 490 3477 veteres
502 3422 613 3476 iteratur
626 3439 694 3490 prte-
742 3422 834 3492 puellre
850 3424 947 3477 bellum
968 3427 1174 3496 anteposuisset,
1191 3448 1246 3482 sese

185 3504 288 3572 positio.
356 3547 358 3551 .
743 3502 945 3557 nuncutfrdum
959 3515 1106 3577 amatorem
1115 3506 1246 3573 ostendit,

220 3601 258 3651 ῃ.
273 3583 347 3648 Quid
357 3583 432 3651 Tyrio
441 3591 490 3635 etc.
503 3579 694 3633 Editioveneta
743 3594 769 3635 et
780 3583 866 3636 subito
879 3583 971 3636 clause
982 3583 1029 3637 sibi
1042 3595 1123 3653 portae
1134 3604 1246 3652 memor,

187 3657 694 3728 anni1475‚quamBrouclbusprinci-
743 3661 887 3714 exclamat:
902 3683 915 3707 «
930 3663 1002 3715 Num
1016 3661 1127 3715 Veneris
1146 3683 1248 3734 magnae

187 3759 247 3810 pem
257 3751 349 3806 sont,
363 3759 423 3794 curn
433 3740 566 3795 nonnullis
578 3741 648 3794 libris
659 3741 695 3792 ita
743 3739 834 3793 violavi
846 3740 957 3792 numina
969 3739 1068 3792 verbo?
1083 3764 1095 3786 ν
1107 3742 1164 3801 Hoc
1176 3743 1248 3795 idem

186 3817 331 3887 distinguit
349 3840 364 3864 α
386 3818 460 3886 Quid
482 3821 552 3890 tyrio
570 3819 693 3872 recubare
744 3831 782 3873 est
792 3838 821 3871 ac
834 3817 855 3871 si
870 3817 988 3871 dixisset:
1002 3817 1067 3870 nibil
1083 3829 1176 3871 contra
1194 3819 1249 3875 dete

187 3905 246 3952 loeo
259 3898 317 3952 sine
332 3915 422 3951 amore
439 3896 554 3951 secundo
569 3894 694 3966 prodest?
744 3897 907 3950 voluntatem
916 3895 975 3960 leci,
985 3914 1071 3963 neque
1079 3896 1191 3964 puellam
1201 3896 1249 3950 de-

186 3993 248 4030 eum
271 3975 339 4030 fletu
358 3993 412 4028 nox
434 3973 564 4044 vigilanda
582 3973 661 4027 venit.
681 3993 695 4019 ν
743 3975 955 4045 reliqui3itaque
966 3974 1050 4026 verbis
1061 3984 1182 4039 tantum,
1195 3994 1252 4028 uon

188 4050 697 4122 Quninterpuneetoaneeiamexnettn
744 4053 834 4120 lactis,
855 4054 989 4106 Venerem
1009 4051 1102 4106 laedere
1122 4052 1203 4120 potui.
1217 4081 1250 4095 -

188 4132 305 4187 editione
316 4132 434 4203 principe
444 4171 453 4199 ,
462 4133 537 4203 signo
548 4133 696 4202 interroga·
746 4131 904 4184 Passeratius
919 4130 947 4182 in
966 4139 1054 4182 vetere
1073 4127 1138 4181 libro
1151 4128 1252 4182 invenit

186 4210 495 4277 tionisminetmcta,
512 4221 633 4265 notatum
642 4228 697 4263 non
745 4208 909 4280 πυρωπὰ
917 4207 1078 4265 Brouclrbus.
1088 4208 1252 4261 demonstrat
1337 4236 1340 4240 ·
